@article{chen2013testing,
  title={Testing Bell's inequality using charmonium decays},
  author={Chen, Shion and Nakaguchi, Y{\=u}ki and Komamiya, Sachio},
  journal={Progress of Theoretical and Experimental Physics},
  volume={2013},
  number={6},
  pages={063A01},
  year={2013},
  publisher={Oxford University Press}
}

@article{Amjad:2014tha,
      author         = "Amjad, M. S. and others",
      title          = "{Beam test performance of the SKIROC2 ASIC}",
      journal        = "Nucl. Instrum. Meth.",
      volume         = "A778",
      year           = "2015",
      pages          = "78-84",
      doi            = "10.1016/j.nima.2014.12.011",
      SLACcitation   = "%%CITATION = NUIMA,A778,78;%%"
}


%%%%%%%%%%%%%%%%%%%%%%%%%%%%%
@Article{SUSY-2015-08,
    author         = "{ATLAS Collaboration}",
    title          = "{Search for gluinos in events with an isolated lepton, jets and missing transverse momentum at \(\sqrt{s} = 13\,\text{TeV}\) with the ATLAS detector}",
    journal        = "Eur. Phys. J. C",
    volume         = "76",
    year           = "2016",
    pages          = "565",
    doi            = "10.1140/epjc/s10052-016-4397-x",
    reportNumber   = "CERN-EP-2016-037",
    eprint         = "1605.04285",
    archivePrefix  = "arXiv",
    primaryClass   = "hep-ex",
}

@Article{SUSY-2016-12,
    author         = "{ATLAS Collaboration}",
    title          = "{Search for squarks and gluinos in events with an isolated lepton, jets, and missing transverse momentum at \(\sqrt{s} = 13\,\text{TeV}\) with the ATLAS detector}",
    journal        = "Phys. Rev. D",
    volume         = "96",
    year           = "2017",
    pages          = "112010",
    doi            = "10.1103/PhysRevD.96.112010",
    reportNumber   = "CERN-EP-2017-140",
    eprint         = "1708.08232",
    archivePrefix  = "arXiv",
    primaryClass   = "hep-ex",
}

@Article{SUSY-2018-16,
    author         = "{ATLAS Collaboration}",
    title          = "{Searches for electroweak production of supersymmetric particles with compressed mass spectra in \(\sqrt{s} = 13\,\text{TeV}\) \(pp\) collisions with the ATLAS detector}",
    journal        = "Phys. Rev. D",
    volume         = "101",
    year           = "2020",
    pages          = "052005",
    doi            = "10.1103/PhysRevD.101.052005",
    reportNumber   = "CERN-EP-2019-242",
    eprint         = "1911.12606",
    archivePrefix  = "arXiv",
    primaryClass   = "hep-ex",
}

@Article{SUSY-2019-09,
    author         = "{ATLAS Collaboration}",
    title          = "{Search for chargino--neutralino pair production in final states with three leptons and missing transverse momentum in \(\sqrt{s} = 13\,\text{TeV}\) \(pp\) collisions with the ATLAS detector}",
    journal        = "Eur. Phys. J. C",
    volume         = "81",
    year           = "2021",
    pages          = "1118",
    doi            = "10.1140/epjc/s10052-021-09749-7",
    reportNumber   = "CERN-EP-2021-059",
    eprint         = "2106.01676",
    archivePrefix  = "arXiv",
    primaryClass   = "hep-ex",
}

@Article{MUON-2018-03,
    author         = "{ATLAS Collaboration}",
    title          = "{Muon reconstruction and identification efficiency in ATLAS using the full Run~2 \(pp\) collision data set at \(\sqrt{s} = 13\,\text{TeV}\)}",
    journal        = "Eur. Phys. J. C",
    volume         = "81",
    year           = "2021",
    pages          = "578",
    doi            = "10.1140/epjc/s10052-021-09233-2",
    reportNumber   = "CERN-EP-2020-199",
    eprint         = "2012.00578",
    archivePrefix  = "arXiv",
    primaryClass   = "hep-ex",
}

@Article{SUSY-2018-41,
    author         = "{ATLAS Collaboration}",
    title          = "{Search for charginos and neutralinos in final states with two boosted hadronically decaying bosons and missing transverse momentum in \(pp\) collisions at \(\sqrt{s} = 13\,\text{TeV}\) with the ATLAS detector}",
    journal        = "Phys. Rev. D",
    volume         = "104",
    year           = "2021",
    pages          = "112010",
    doi            = "10.1103/PhysRevD.104.112010",
    reportNumber   = "CERN-EP-2021-127",
    eprint         = "2108.07586",
    archivePrefix  = "arXiv",
    primaryClass   = "hep-ex",
}

@article{dawson2021radiation,
  title  = "{Radiation effects in the LHC experiments: impact on detector performance and operation, CERN Yellow Reports: Monographs}",
  author = "{Dawson, I. and others}",
  year={2021},
  publisher={CERN, Geneva, Switzerland}
}

%%%%%%%%%%%%%%%%%%%%%%%%%%%%%
@article{chen2023detecting,
  title={Detecting Hidden Photon Dark Matter Using the Direct Excitation of Transmon Qubits},
  author={Chen, Shion and Fukuda, Hajime and Inada, Toshiaki and Moroi, Takeo and Nitta, Tatsumi and Sichanugrist, Thanaporn},
  journal={Physical Review Letters},
  volume={131},
  number={21},
  pages={211001},
  year={2023},
  publisher={APS}
}B