
@conference{Chen:2013caliceMTG_FNALTB,
      author         = "Chen, Shion. and others",
      title          = "{Test beam analysis of SiW ECAL physics prototype in 2011 FNAL}",
      booktitle      = "CALICE Collaboration Meeting, LAPP, Annecy, France.",
      year           = "2013",

}


@conference{Chen:2013caliceMTG_HBUPP,
      author         = "Chen, Shion. and others",
      title          = "{Test of Power Pulsing with the HBU-LED System}",
      booktitle      = "CALICE Collaboration Meeting, LAPP, Annecy, France.",
      year           = "2013",

}


@conference{Chen:2013caliceMTG_ECALoptm,
      author         = "Chen, Shion. and others",
      title          = "{Simulation Study on SiW ECAL optimization}",
      booktitle      = "CALICE Collaboration Meeting, LAPP, Annecy, France.",
      year           = "2013",

}


@inproceedings{Tomita:2014wha,
      author         = "Tomita, Tatsuhiko and others",
      title          = "{A study of silicon sensor for ILD ECAL}",
      booktitle      = "{International Workshop on Future Linear Colliders
                        (LCWS13) Tokyo, Japan, November 11-15, 2013}",
      url            = "http://inspirehep.net/record/1287984/files/arXiv:1403.7953.pdf",
      year           = "2014",
      eprint         = "1403.7953",
      archivePrefix  = "arXiv",
      primaryClass   = "physics.ins-det",
      SLACcitation   = "%%CITATION = ARXIV:1403.7953;%%"
}


@article{Amjad:2014tha,
      author         = "Amjad, M. S. and others",
      title          = "{Beam test performance of the SKIROC2 ASIC}",
      journal        = "Nucl. Instrum. Meth.",
      volume         = "A778",
      year           = "2015",
      pages          = "78-84",
      doi            = "10.1016/j.nima.2014.12.011",
      SLACcitation   = "%%CITATION = NUIMA,A778,78;%%"
}

@inproceedings{Kozakai:2014yka,
      author         = "Kozakai, Chihiro and Chen, Shion and Jeans, Daniel and
                        Kamiya, Yoshio and Komamiya, Sachio",
      title          = "{Robustness of a SiECAL used in Particle Flow
                        Reconstruction}",
      booktitle      = "{International Workshop on Future Linear Colliders
                        (LCWS13) Tokyo, Japan, November 11-15, 2013}",
      url            = "http://inspirehep.net/record/1288064/files/arXiv:1404.0124.pdf",
      year           = "2014",
      eprint         = "1404.0124",
      archivePrefix  = "arXiv",
      primaryClass   = "physics.ins-det",
      SLACcitation   = "%%CITATION = ARXIV:1404.0124;%%"
}


@article{Blaising:2015nla,
      author         = "Chefdeville, M. and others",
      title          = "{Shower development of particles with momenta from 15 GeV
                        to 150 GeV in the CALICE scintillator-tungsten hadronic
                        calorimeter}",
      collaboration  = "CALICE",
      journal        = "JINST",
      volume         = "10",
      year           = "2015",
      number         = "12",
      pages          = "P12006",
      doi            = "10.1088/1748-0221/10/12/P12006",
      eprint         = "1509.00617",
      archivePrefix  = "arXiv",
      primaryClass   = "physics.ins-det",
      SLACcitation   = "%%CITATION = ARXIV:1509.00617;%%"
}



@article{Sudo:2016rup,
      author         = "Sudo, Y. and others",
      title          = "{Development of a Highly Granular Silicon-Tungsten ECAL
                        for the ILD}",
      booktitle      = "{Proceedings, 37th International Conference on High
                        Energy Physics (ICHEP 2014): Valencia, Spain, July 2-9,
                        2014}",
      journal        = "Nucl. Part. Phys. Proc.",
      volume         = "273-275",
      year           = "2016",
      pages          = "2554-2556",
      doi            = "10.1016/j.nuclphysbps.2015.09.457",
      SLACcitation   = "%%CITATION = INSPIRE-1467965;%%"
}
