@article{Chen:2013epa,
      author         = "Chen, Shion and Nakaguchi, Yuki and Komamiya, Sachio",
      title          = "{Testing Bell's Inequality using Charmonium Decays}",
      doi            = "10.1093/ptep/ptt032",
      year           = "2013",
      eprint         = "1302.6438",
      archivePrefix  = "arXiv",
      primaryClass   = "hep-ph",
      SLACcitation   = "%%CITATION = ARXIV:1302.6438;%%"
}

@conference{Chen:2013IHEPSeminar,
      author         = "Chen, Shion",
      title          = "Testing Bell's inequality in Charm factory",
      booktitle      = "IHEP seminar",
      year           = "2013"
}

@conference{Chen:2013KEKSeminar,
      author         = "Chen, Shion",
      title          = "Testing quantum entanglement in Collider Experiments",
      booktitle      = "KEK theory seminar",
      year           = "2013"
}

@mastersthesis{Chen:2014mthesis,
      author         = "Chen, Shion",
      title          = "{Test of Bell's Inequality and Entanglement Measurement in Collider Experiments}",
      school         = "The University of Tokyo",
      year           = "2014"
}



@conference{Chen:2015EriceTalk,
      author         = "Chen, Shion",
      title          = "Testing quantum mechanics in Collider Experiments",
      booktitle      = "EMFCSC International School of Sub-neuclear Physics 2015",
      year           = "2015"
}