
@article{Aaboud:2016ffv,
      author         = "Aaboud, Morad and others",
      title          = "{Measurement of $W^{\pm}W^{\pm}$ vector-boson scattering
                        and limits on anomalous quartic gauge couplings with the
                        ATLAS detector}",
      collaboration  = "ATLAS",
      year           = "2016",
      eprint         = "1611.02428",
      archivePrefix  = "arXiv",
      primaryClass   = "hep-ex",
      reportNumber   = "CERN-EP-2016-167",
      SLACcitation   = "%%CITATION = ARXIV:1611.02428;%%"
}
@article{Aaboud:2016xii,
      author         = "Aaboud, Morad and others",
      title          = "{Measurement of jet activity produced in top-quark events
                        with an electron, a muon and two $b$-tagged jets in the
                        final state in $pp$ collisions at $\sqrt{s}=13$ TeV with
                        the ATLAS detector}",
      collaboration  = "ATLAS",
      year           = "2016",
      eprint         = "1610.09978",
      archivePrefix  = "arXiv",
      primaryClass   = "hep-ex",
      reportNumber   = "CERN-EP-2016-218",
      SLACcitation   = "%%CITATION = ARXIV:1610.09978;%%"
}
@article{Aaboud:2016vzw,
      author         = "Aaboud, Morad and others",
      title          = "{Measurements of $\psi(2S)$ and $X(3872) \to
                        J/\psi\pi^+\pi^-$ production in $pp$ collisions at
                        $\sqrt{s} = 8$ TeV with the ATLAS detector}",
      collaboration  = "ATLAS",
      year           = "2016",
      eprint         = "1610.09303",
      archivePrefix  = "arXiv",
      primaryClass   = "hep-ex",
      reportNumber   = "CERN-EP-2016-193",
      SLACcitation   = "%%CITATION = ARXIV:1610.09303;%%"
}
@article{Aaboud:2016bmk,
      author         = "Aaboud, Morad and others",
      title          = "{Measurements of charge and CP asymmetries in $b$-hadron
                        decays using top-quark events collected by the ATLAS
                        detector in $pp$ collisions at $\sqrt{s}=8$ TeV}",
      collaboration  = "ATLAS",
      year           = "2016",
      eprint         = "1610.07869",
      archivePrefix  = "arXiv",
      primaryClass   = "hep-ex",
      reportNumber   = "CERN-EP-2016-221",
      SLACcitation   = "%%CITATION = ARXIV:1610.07869;%%"
}
@article{Aaboud:2016urj,
      author         = "Aaboud, Morad and others",
      title          = "{Measurement of the $ZZ$ production cross section in $pp$
                        collisions at $\sqrt{s}$ = 8 TeV using the
                        $ZZ\to\ell^{-}\ell^{+}\ell^{\prime -}\ell^{\prime +}$ and
                        $ZZ\to\ell^{-}\ell^{+}\nu\bar{\nu}$ channels with the
                        ATLAS detector}",
      collaboration  = "ATLAS",
      year           = "2016",
      eprint         = "1610.07585",
      archivePrefix  = "arXiv",
      primaryClass   = "hep-ex",
      reportNumber   = "CERN-EP-2016-194",
      SLACcitation   = "%%CITATION = ARXIV:1610.07585;%%"
}
@article{Aaboud:2016ftt,
      author         = "Aaboud, Morad and others",
      title          = "{Search for triboson $W^{\pm}W^{\pm}W^{\mp}$ production
                        in $pp$ collisions at $\sqrt{s}=8$ TeV with the ATLAS
                        detector}",
      collaboration  = "ATLAS",
      year           = "2016",
      eprint         = "1610.05088",
      archivePrefix  = "arXiv",
      primaryClass   = "hep-ex",
      reportNumber   = "CERN-EP-2016-172",
      SLACcitation   = "%%CITATION = ARXIV:1610.05088;%%"
}
@article{Aad:2016nrq,
      author         = "Aad, Georges and others",
      title          = "{Performance of algorithms that reconstruct missing
                        transverse momentum in $\sqrt{s}=$ 8 TeV proton-proton
                        collisions in the ATLAS detector}",
      collaboration  = "ATLAS",
      year           = "2016",
      eprint         = "1609.09324",
      archivePrefix  = "arXiv",
      primaryClass   = "hep-ex",
      reportNumber   = "CERN-EP-2016-134",
      SLACcitation   = "%%CITATION = ARXIV:1609.09324;%%"
}
@article{Aaboud:2016ylh,
      author         = "Aaboud, Morad and others",
      title          = "{Measurement of $W$ boson angular distributions in events
                        with high transverse momentum jets at $\sqrt{s}=$ 8 TeV
                        using the ATLAS detector}",
      collaboration  = "ATLAS",
      year           = "2016",
      eprint         = "1609.07045",
      archivePrefix  = "arXiv",
      primaryClass   = "hep-ex",
      reportNumber   = "CERN-EP-2016-182",
      SLACcitation   = "%%CITATION = ARXIV:1609.07045;%%"
}
@article{Aaboud:2016yar,
      author         = "Aaboud, Morad and others",
      title          = "{Measurements of long-range azimuthal anisotropies and
                        associated Fourier coefficients for $pp$ collisions at
                        $\sqrt{s}=5.02$ and $13$ TeV and $p$+Pb collisions at
                        $\sqrt{s_{\mathrm{NN}}}=5.02$ TeV with the ATLAS
                        detector}",
      collaboration  = "ATLAS",
      year           = "2016",
      eprint         = "1609.06213",
      archivePrefix  = "arXiv",
      primaryClass   = "nucl-ex",
      reportNumber   = "CERN-EP-2016-200",
      SLACcitation   = "%%CITATION = ARXIV:1609.06213;%%"
}
@article{Aaboud:2016uuk,
      author         = "Aaboud, Morad and others",
      title          = "{Search for anomalous electroweak production of $WW/WZ$
                        in association with a high-mass dijet system in $pp$
                        collisions at $\sqrt{s}=8$ TeV with the ATLAS detector}",
      collaboration  = "ATLAS",
      year           = "2016",
      eprint         = "1609.05122",
      archivePrefix  = "arXiv",
      primaryClass   = "hep-ex",
      reportNumber   = "CERN-EP-2016-171",
      SLACcitation   = "%%CITATION = ARXIV:1609.05122;%%"
}
@article{Aaboud:2016obm,
      author         = "Aaboud, Morad and others",
      title          = "{Search for dark matter in association with a Higgs boson
                        decaying to $b$-quarks in $pp$ collisions at $\sqrt{s} =
                        13$ TeV with the ATLAS detector}",
      collaboration  = "ATLAS",
      year           = "2016",
      eprint         = "1609.04572",
      archivePrefix  = "arXiv",
      primaryClass   = "hep-ex",
      reportNumber   = "CERN-EP-2016-181",
      SLACcitation   = "%%CITATION = ARXIV:1609.04572;%%"
}
@article{Aaboud:2016poq,
      author         = "Aaboud, Morad and others",
      title          = "{A measurement of material in the ATLAS tracker using
                        secondary hadronic interactions in 7 TeV pp collisions}",
      collaboration  = "ATLAS",
      year           = "2016",
      eprint         = "1609.04305",
      archivePrefix  = "arXiv",
      primaryClass   = "hep-ex",
      reportNumber   = "CERN-EP-2016-137",
      SLACcitation   = "%%CITATION = ARXIV:1609.04305;%%"
}
@article{Aaboud:2016ymp,
      author         = "Aaboud, Morad and others",
      title          = "{Measurement of the inclusive cross-sections of single
                        top-quark and top-antiquark $t$-channel production in $pp$
                        collisions at $\sqrt{s}$ = 13 TeV with the ATLAS
                        detector}",
      collaboration  = "ATLAS",
      year           = "2016",
      eprint         = "1609.03920",
      archivePrefix  = "arXiv",
      primaryClass   = "hep-ex",
      reportNumber   = "CERN-EP-2016-197",
      SLACcitation   = "%%CITATION = ARXIV:1609.03920;%%"
}
@article{Aaboud:2016xve,
      author         = "Aaboud, Morad and others",
      title          = "{Measurement of the $t\bar{t}Z$ and $t\bar{t}W$
                        production cross sections in multilepton final states
                        using 3.2 fb$^{-1}$ of $pp$ collisions at $\sqrt{s}$ = 13
                        TeV with the ATLAS detector}",
      collaboration  = "ATLAS",
      year           = "2016",
      eprint         = "1609.01599",
      archivePrefix  = "arXiv",
      primaryClass   = "hep-ex",
      reportNumber   = "CERN-EP-2016-185",
      SLACcitation   = "%%CITATION = ARXIV:1609.01599;%%"
}
@article{Aaboud:2016hhf,
      author         = "Aaboud, Morad and others",
      title          = "{Luminosity determination in pp collisions at $\sqrt{s}$
                        = 8 TeV using the ATLAS detector at the LHC}",
      collaboration  = "ATLAS",
      year           = "2016",
      eprint         = "1608.03953",
      archivePrefix  = "arXiv",
      primaryClass   = "hep-ex",
      reportNumber   = "CERN-EP-2016-117",
      SLACcitation   = "%%CITATION = ARXIV:1608.03953;%%"
}
@article{Aaboud:2016mrt,
      author         = "Aaboud, Morad and others",
      title          = "{Measurement of $W^+W^-$ production in association with
                        one jet in proton--proton collisions at $\sqrt{s} =8$ TeV
                        with the ATLAS detector}",
      collaboration  = "ATLAS",
      journal        = "Phys. Lett.",
      volume         = "B763",
      year           = "2016",
      pages          = "114-133",
      doi            = "10.1016/j.physletb.2016.10.014",
      eprint         = "1608.03086",
      archivePrefix  = "arXiv",
      primaryClass   = "hep-ex",
      reportNumber   = "CERN-EP-2016-186",
      SLACcitation   = "%%CITATION = ARXIV:1608.03086;%%"
}
@article{Aaboud:2016qgg,
      author         = "Aaboud, Morad and others",
      title          = "{Search for dark matter produced in association with a
                        hadronically decaying vector boson in pp collisions at
                        $\sqrt(s)$=13 TeV with the ATLAS detector}",
      collaboration  = "ATLAS",
      journal        = "Phys. Lett.",
      volume         = "B763",
      year           = "2016",
      pages          = "251-268",
      doi            = "10.1016/j.physletb.2016.10.042",
      eprint         = "1608.02372",
      archivePrefix  = "arXiv",
      primaryClass   = "hep-ex",
      reportNumber   = "CERN-EP-2016-180",
      SLACcitation   = "%%CITATION = ARXIV:1608.02372;%%"
}
@article{Aaboud:2016dea,
      author         = "Aaboud, Morad and others",
      title          = "{Study of hard double-parton scattering in four-jet
                        events in $pp$ collisions at $\sqrt{s} = 7$ TeV with the
                        ATLAS experiment}",
      collaboration  = "ATLAS",
      year           = "2016",
      eprint         = "1608.01857",
      archivePrefix  = "arXiv",
      primaryClass   = "hep-ex",
      reportNumber   = "CERN-EP-2016-183",
      SLACcitation   = "%%CITATION = ARXIV:1608.01857;%%"
}
@article{Aaboud:2016cre,
      author         = "Aaboud, Morad and others",
      title          = "{Search for Minimal Supersymmetric Standard Model Higgs
                        bosons $H/A$ and for a $Z^{\prime}$ boson in the $\tau
                        \tau$ final state produced in $pp$ collisions at
                        $\sqrt{s}=13$ TeV with the ATLAS Detector}",
      collaboration  = "ATLAS",
      journal        = "Eur. Phys. J.",
      volume         = "C76",
      year           = "2016",
      number         = "11",
      pages          = "585",
      doi            = "10.1140/epjc/s10052-016-4400-6",
      eprint         = "1608.00890",
      archivePrefix  = "arXiv",
      primaryClass   = "hep-ex",
      reportNumber   = "CERN-EP-2016-164",
      SLACcitation   = "%%CITATION = ARXIV:1608.00890;%%"
}
@article{Aaboud:2016wna,
      author         = "Aaboud, Morad and others",
      title          = "{Dark matter interpretations of ATLAS searches for the
                        electroweak production of supersymmetric particles in $
                        \sqrt{s}=8 $ TeV proton-proton collisions}",
      collaboration  = "ATLAS",
      journal        = "JHEP",
      volume         = "09",
      year           = "2016",
      pages          = "175",
      doi            = "10.1007/JHEP09(2016)175",
      eprint         = "1608.00872",
      archivePrefix  = "arXiv",
      primaryClass   = "hep-ex",
      reportNumber   = "CERN-EP-2016-165",
      SLACcitation   = "%%CITATION = ARXIV:1608.00872;%%"
}
@article{Aaboud:2016hwh,
      author         = "Aaboud, Morad and others",
      title          = "{A measurement of the calorimeter response to single
                        hadrons and determination of the jet energy scale
                        uncertainty using LHC Run-1 $pp$-collision data with the
                        ATLAS detector}",
      collaboration  = "ATLAS",
      year           = "2016",
      eprint         = "1607.08842",
      archivePrefix  = "arXiv",
      primaryClass   = "hep-ex",
      reportNumber   = "CERN-EP-2016-149",
      SLACcitation   = "%%CITATION = ARXIV:1607.08842;%%"
}
@article{Aaboud:2016jed,
      author         = "Aaboud, Morad and others",
      title          = "{Measurement of the $b\overline{b}$ dijet cross section
                        in $pp$ collisions at $\sqrt{s} = 7$ TeV with the ATLAS
                        detector}",
      collaboration  = "ATLAS",
      year           = "2016",
      eprint         = "1607.08430",
      archivePrefix  = "arXiv",
      primaryClass   = "hep-ex",
      reportNumber   = "CERN-EP-2016-091",
      SLACcitation   = "%%CITATION = ARXIV:1607.08430;%%"
}

%%% contains utf-8, see: http://inspirehep.net/info/faq/general#utf8
%%% add \usepackage[utf8]{inputenc} to your latex preamble

@article{Aaboud:2016hmk,
      author         = "Aaboud, Morad and others",
      title          = "{Search for new phenomena in different-flavour high-mass
                        dilepton final states in pp collisions at $\sqrt{s}=13$
                         Tev with the ATLAS detector}",
      collaboration  = "ATLAS",
      journal        = "Eur. Phys. J.",
      volume         = "C76",
      year           = "2016",
      number         = "10",
      pages          = "541",
      doi            = "10.1140/epjc/s10052-016-4385-1",
      eprint         = "1607.08079",
      archivePrefix  = "arXiv",
      primaryClass   = "hep-ex",
      reportNumber   = "CERN-EP-2016-168",
      SLACcitation   = "%%CITATION = ARXIV:1607.08079;%%"
}
@article{Aaboud:2016iot,
      author         = "Aaboud, Morad and others",
      title          = "{Measurement of top quark pair differential
                        cross-sections in the dilepton channel in $pp$ collisions
                        at $\sqrt{s}$ = 7 and 8 TeV with ATLAS}",
      collaboration  = "ATLAS",
      year           = "2016",
      eprint         = "1607.07281",
      archivePrefix  = "arXiv",
      primaryClass   = "hep-ex",
      reportNumber   = "CERN-EP-2016-144",
      SLACcitation   = "%%CITATION = ARXIV:1607.07281;%%"
}
@article{Aaboud:2016ijx,
      author         = "Aaboud, Morad and others",
      title          = "{Measurement of the total cross section from elastic
                        scattering in $pp$ collisions at $\sqrt{s}=8$ TeV with the
                        ATLAS detector}",
      collaboration  = "ATLAS",
      journal        = "Phys. Lett.",
      volume         = "B761",
      year           = "2016",
      pages          = "158-178",
      doi            = "10.1016/j.physletb.2016.08.020",
      eprint         = "1607.06605",
      archivePrefix  = "arXiv",
      primaryClass   = "hep-ex",
      reportNumber   = "CERN-EP-2016-158",
      SLACcitation   = "%%CITATION = ARXIV:1607.06605;%%"
}
@article{Aaboud:2016trl,
      author         = "Aaboud, Morad and others",
      title          = "{Search for heavy resonances decaying to a $Z$ boson and
                        a photon in $pp$ collisions at $\sqrt{s}=13$ TeV with the
                        ATLAS detector}",
      collaboration  = "ATLAS",
      year           = "2016",
      eprint         = "1607.06363",
      archivePrefix  = "arXiv",
      primaryClass   = "hep-ex",
      reportNumber   = "CERN-EP-2016-163",
      SLACcitation   = "%%CITATION = ARXIV:1607.06363;%%"
}
@article{Aaboud:2016zpr,
      author         = "Aaboud, Morad and others",
      title          = "{Search for squarks and gluinos in events with
                        hadronically decaying tau leptons, jets and missing
                        transverse momentum in proton-proton collisions at
                        $\sqrt{s}=13$ TeV recorded with the ATLAS detector}",
      collaboration  = "ATLAS",
      year           = "2016",
      eprint         = "1607.05979",
      archivePrefix  = "arXiv",
      primaryClass   = "hep-ex",
      reportNumber   = "CERN-EP-2016-145",
      SLACcitation   = "%%CITATION = ARXIV:1607.05979;%%"
}
@article{Aaboud:2016lwx,
      author         = "Aaboud, Morad and others",
      title          = "{Search for new resonances decaying to a $W$ or $Z$ boson
                        and a Higgs boson in the $\ell^+ \ell^- b\bar b$, $\ell
                        \nu b\bar b$, and $\nu\bar{\nu} b\bar b$ channels with
                        $pp$ collisions at $\sqrt s = 13$ TeV with the ATLAS
                        detector}",
      collaboration  = "ATLAS",
      year           = "2016",
      eprint         = "1607.05621",
      archivePrefix  = "arXiv",
      primaryClass   = "hep-ex",
      reportNumber   = "CERN-EP-2016-148",
      SLACcitation   = "%%CITATION = ARXIV:1607.05621;%%"
}
@article{Aaboud:2016dkv,
      author         = "Aaboud, Morad and others",
      title          = "{Measurement of exclusive $\gamma\gamma\rightarrow
                        W^+W^-$ production and search for exclusive Higgs boson
                        production in $pp$ collisions at $\sqrt{s} = 8$ TeV using
                        the ATLAS detector}",
      collaboration  = "ATLAS",
      journal        = "Phys. Rev.",
      volume         = "D94",
      year           = "2016",
      number         = "3",
      pages          = "032011",
      doi            = "10.1103/PhysRevD.94.032011",
      eprint         = "1607.03745",
      archivePrefix  = "arXiv",
      primaryClass   = "hep-ex",
      reportNumber   = "CERN-EP-2016-123",
      SLACcitation   = "%%CITATION = ARXIV:1607.03745;%%"
}
@article{Aaboud:2016cth,
      author         = "Aaboud, Morad and others",
      title          = "{Search for high-mass new phenomena in the dilepton final
                        state using proton-proton collisions at $\sqrt{s}=13$ TeV
                        with the ATLAS detector}",
      collaboration  = "ATLAS",
      journal        = "Phys. Lett.",
      volume         = "B761",
      year           = "2016",
      pages          = "372-392",
      doi            = "10.1016/j.physletb.2016.08.055",
      eprint         = "1607.03669",
      archivePrefix  = "arXiv",
      primaryClass   = "hep-ex",
      reportNumber   = "CERN-EP-2016-116",
      SLACcitation   = "%%CITATION = ARXIV:1607.03669;%%"
}
@article{Aaboud:2016rug,
      author         = "Aaboud, Morad and others",
      title          = "{Search for Higgs and $Z$ Boson Decays to $\phi\,\gamma$
                        with the ATLAS Detector}",
      collaboration  = "ATLAS",
      journal        = "Phys. Rev. Lett.",
      volume         = "117",
      year           = "2016",
      number         = "11",
      pages          = "111802",
      doi            = "10.1103/PhysRevLett.117.111802",
      eprint         = "1607.03400",
      archivePrefix  = "arXiv",
      primaryClass   = "hep-ex",
      reportNumber   = "CERN-EP-2016-130",
      SLACcitation   = "%%CITATION = ARXIV:1607.03400;%%"
}
@article{Aaboud:2016omn,
      author         = "Aaboud, Morad and others",
      title          = "{Measurement of jet activity in top quark events using
                        the $e\mu$ final state with two $b$-tagged jets in $pp$
                        collisions at $\sqrt{s}=8$ TeV with the ATLAS detector}",
      collaboration  = "ATLAS",
      journal        = "JHEP",
      volume         = "09",
      year           = "2016",
      pages          = "074",
      doi            = "10.1007/JHEP09(2016)074",
      eprint         = "1606.09490",
      archivePrefix  = "arXiv",
      primaryClass   = "hep-ex",
      reportNumber   = "CERN-EP-2016-122",
      SLACcitation   = "%%CITATION = ARXIV:1606.09490;%%"
}
@article{ATLASCollaboration:2016wlb,
      author         = "Aaboud, Morad and others",
      title          = "{Search for supersymmetry in a final state containing two
                        photons and missing transverse momentum in $\sqrt{s}$ = 13
                        TeV $pp$ collisions at the LHC using the ATLAS detector}",
      collaboration  = "ATLAS",
      journal        = "Eur. Phys. J.",
      volume         = "C76",
      year           = "2016",
      number         = "9",
      pages          = "517",
      doi            = "10.1140/epjc/s10052-016-4344-x",
      eprint         = "1606.09150",
      archivePrefix  = "arXiv",
      primaryClass   = "hep-ex",
      reportNumber   = "CERN-EP-2016-146",
      SLACcitation   = "%%CITATION = ARXIV:1606.09150;%%"
}

%%% contains utf-8, see: http://inspirehep.net/info/faq/general#utf8
%%% add \usepackage[utf8]{inputenc} to your latex preamble

@article{Aaboud:2016nwl,
      author         = "Aaboud, Morad and others",
      title          = "{Search for bottom squark pair production in
                        proton–proton collisions at $\sqrt{s}=13$  TeV with the
                        ATLAS detector}",
      collaboration  = "ATLAS",
      journal        = "Eur. Phys. J.",
      volume         = "C76",
      year           = "2016",
      number         = "10",
      pages          = "547",
      doi            = "10.1140/epjc/s10052-016-4382-4",
      eprint         = "1606.08772",
      archivePrefix  = "arXiv",
      primaryClass   = "hep-ex",
      reportNumber   = "CERN-EP-2016-138, CERN-PH-2016-138",
      SLACcitation   = "%%CITATION = ARXIV:1606.08772;%%"
}
@article{Aaboud:2016oyb,
      author         = "Aaboud, Morad and others",
      title          = "{Search for the Higgs boson produced in association with
                        a $W$ boson and decaying to four $b$-quarks via two
                        spin-zero particles in $pp$ collisions at 13 TeV with the
                        ATLAS detector}",
      collaboration  = "ATLAS",
      journal        = "Eur. Phys. J.",
      volume         = "C76",
      year           = "2016",
      number         = "11",
      pages          = "605",
      doi            = "10.1140/epjc/s10052-016-4418-9",
      eprint         = "1606.08391",
      archivePrefix  = "arXiv",
      primaryClass   = "hep-ex",
      reportNumber   = "CERN-EP-2016-135",
      SLACcitation   = "%%CITATION = ARXIV:1606.08391;%%"
}
@article{Aaboud:2016jnr,
      author         = "Aaboud, Morad and others",
      title          = "{Measurement of forward-backward multiplicity
                        correlations in lead-lead, proton-lead and proton-proton
                        collisions with the ATLAS detector}",
      collaboration  = "ATLAS",
      year           = "2016",
      eprint         = "1606.08170",
      archivePrefix  = "arXiv",
      primaryClass   = "hep-ex",
      reportNumber   = "CERN-EP-2016-124",
      SLACcitation   = "%%CITATION = ARXIV:1606.08170;%%"
}
@article{ATLAS:2016qun,
      author         = "Aad, Georges and others",
      title          = "{The performance of the jet trigger for the ATLAS
                        detector during 2011 data taking}",
      collaboration  = "ATLAS",
      journal        = "Eur. Phys. J.",
      volume         = "C76",
      year           = "2016",
      number         = "10",
      pages          = "526",
      doi            = "10.1140/epjc/s10052-016-4325-0",
      eprint         = "1606.07759",
      archivePrefix  = "arXiv",
      primaryClass   = "hep-ex",
      reportNumber   = "CERN-EP-2016-031",
      SLACcitation   = "%%CITATION = ARXIV:1606.07759;%%"
}
@article{Aaboud:2016uth,
      author         = "Aaboud, Morad and others",
      title          = "{Search for heavy long-lived charged $R$-hadrons with the
                        ATLAS detector in 3.2 fb$^{-1}$ of proton--proton
                        collision data at $\sqrt{s} = 13$ TeV}",
      collaboration  = "ATLAS",
      journal        = "Phys. Lett.",
      volume         = "B760",
      year           = "2016",
      pages          = "647-665",
      doi            = "10.1016/j.physletb.2016.07.042",
      eprint         = "1606.05129",
      archivePrefix  = "arXiv",
      primaryClass   = "hep-ex",
      reportNumber   = "CERN-EP-2016-131",
      SLACcitation   = "%%CITATION = ARXIV:1606.05129;%%"
}
@article{Aaboud:2016okv,
      author         = "Aaboud, Morad and others",
      title          = "{Searches for heavy diboson resonances in $pp$ collisions
                        at $\sqrt{s}=13$ TeV with the ATLAS detector}",
      collaboration  = "ATLAS",
      journal        = "JHEP",
      volume         = "09",
      year           = "2016",
      pages          = "173",
      doi            = "10.1007/JHEP09(2016)173",
      eprint         = "1606.04833",
      archivePrefix  = "arXiv",
      primaryClass   = "hep-ex",
      reportNumber   = "CERN-EP-2016-106",
      SLACcitation   = "%%CITATION = ARXIV:1606.04833;%%"
}
@article{Aaboud:2016xco,
      author         = "Aaboud, Morad and others",
      title          = "{Search for pair production of Higgs bosons in the
                        $b\bar{b}b\bar{b}$ final state using proton--proton
                        collisions at $\sqrt{s} = 13$ TeV with the ATLAS
                        detector}",
      collaboration  = "ATLAS",
      journal        = "Phys. Rev.",
      volume         = "D94",
      year           = "2016",
      number         = "5",
      pages          = "052002",
      doi            = "10.1103/PhysRevD.94.052002",
      eprint         = "1606.04782",
      archivePrefix  = "arXiv",
      primaryClass   = "hep-ex",
      reportNumber   = "CERN-EP-2016-142",
      SLACcitation   = "%%CITATION = ARXIV:1606.04782;%%"
}
@article{Aaboud:2016yus,
      author         = "Aaboud, Morad and others",
      title          = "{Measurement of the $W^{\pm}Z$ boson pair-production
                        cross section in $pp$ collisions at $\sqrt{s}=13$ TeV with
                        the ATLAS Detector}",
      collaboration  = "ATLAS",
      journal        = "Phys. Lett.",
      volume         = "B762",
      year           = "2016",
      pages          = "1-22",
      doi            = "10.1016/j.physletb.2016.08.052",
      eprint         = "1606.04017",
      archivePrefix  = "arXiv",
      primaryClass   = "hep-ex",
      reportNumber   = "CERN-EP-2016-108",
      SLACcitation   = "%%CITATION = ARXIV:1606.04017;%%"
}
@article{Aaboud:2016zkn,
      author         = "Aaboud, Morad and others",
      title          = "{Search for new resonances in events with one lepton and
                        missing transverse momentum in $pp$ collisions at
                        $\sqrt{s} = 13$ TeV with the ATLAS detector}",
      collaboration  = "ATLAS",
      journal        = "Phys. Lett.",
      volume         = "B762",
      year           = "2016",
      pages          = "334-352",
      doi            = "10.1016/j.physletb.2016.09.040",
      eprint         = "1606.03977",
      archivePrefix  = "arXiv",
      primaryClass   = "hep-ex",
      reportNumber   = "CERN-EP-2016-143, CERN-PH-2016-143",
      SLACcitation   = "%%CITATION = ARXIV:1606.03977;%%"
}
@article{Aaboud:2016lwz,
      author         = "Aaboud, Morad and others",
      title          = "{Search for top squarks in final states with one isolated
                        lepton, jets, and missing transverse momentum in
                        $\sqrt{s}=13$ TeV $pp$ collisions with the ATLAS
                        detector}",
      collaboration  = "ATLAS",
      journal        = "Phys. Rev.",
      volume         = "D94",
      year           = "2016",
      number         = "5",
      pages          = "052009",
      doi            = "10.1103/PhysRevD.94.052009",
      eprint         = "1606.03903",
      archivePrefix  = "arXiv",
      primaryClass   = "hep-ex",
      reportNumber   = "CERN-EP-2016-113",
      SLACcitation   = "%%CITATION = ARXIV:1606.03903;%%"
}
@article{Aaboud:2016tru,
      author         = "Aaboud, Morad and others",
      title          = "{Search for resonances in diphoton events at
                        $\sqrt{s}$=13 TeV with the ATLAS detector}",
      collaboration  = "ATLAS",
      journal        = "JHEP",
      volume         = "09",
      year           = "2016",
      pages          = "001",
      doi            = "10.1007/JHEP09(2016)001",
      eprint         = "1606.03833",
      archivePrefix  = "arXiv",
      primaryClass   = "hep-ex",
      reportNumber   = "CERN-EP-2016-120",
      SLACcitation   = "%%CITATION = ARXIV:1606.03833;%%"
}
@article{Aaboud:2016pbd,
      author         = "Aaboud, Morad and others",
      title          = "{Measurement of the $t\bar{t}$ production cross-section
                        using $e\mu$ events with b-tagged jets in pp collisions at
                        $\sqrt{s}$=13 TeV with the ATLAS detector}",
      collaboration  = "ATLAS",
      journal        = "Phys. Lett.",
      volume         = "B761",
      year           = "2016",
      pages          = "136-157",
      doi            = "10.1016/j.physletb.2016.08.019",
      eprint         = "1606.02699",
      archivePrefix  = "arXiv",
      primaryClass   = "hep-ex",
      reportNumber   = "CERN-EP-2016-088",
      SLACcitation   = "%%CITATION = ARXIV:1606.02699;%%"
}
@article{Aaboud:2016mmw,
      author         = "Aaboud, Morad and others",
      title          = "{Measurement of the Inelastic Proton-Proton Cross Section
                        at $\sqrt{s} = 13$ TeV with the ATLAS Detector at the
                        LHC}",
      collaboration  = "ATLAS",
      journal        = "Phys. Rev. Lett.",
      volume         = "117",
      year           = "2016",
      number         = "18",
      pages          = "182002",
      doi            = "10.1103/PhysRevLett.117.182002",
      eprint         = "1606.02625",
      archivePrefix  = "arXiv",
      primaryClass   = "hep-ex",
      reportNumber   = "CERN-EP-2016-140",
      SLACcitation   = "%%CITATION = ARXIV:1606.02625;%%"
}
@article{Khachatryan:2016vau,
      author         = "Aad, Georges and others",
      title          = "{Measurements of the Higgs boson production and decay
                        rates and constraints on its couplings from a combined
                        ATLAS and CMS analysis of the LHC pp collision data at $
                        \sqrt{s}=7 $ and 8 TeV}",
      collaboration  = "ATLAS, CMS",
      journal        = "JHEP",
      volume         = "08",
      year           = "2016",
      pages          = "045",
      doi            = "10.1007/JHEP08(2016)045",
      eprint         = "1606.02266",
      archivePrefix  = "arXiv",
      primaryClass   = "hep-ex",
      reportNumber   = "CERN-EP-2016-100, ATLAS-HIGG-2015-07, CMS-HIG-15-002",
      SLACcitation   = "%%CITATION = ARXIV:1606.02266;%%"
}
@article{Aaboud:2016ewt,
      author         = "Aaboud, Morad and others",
      title          = "{Search for TeV-scale gravity signatures in high-mass
                        final states with leptons and jets with the ATLAS detector
                        at $\sqrt{s}=13$ TeV}",
      collaboration  = "ATLAS",
      journal        = "Phys. Lett.",
      volume         = "B760",
      year           = "2016",
      pages          = "520-537",
      doi            = "10.1016/j.physletb.2016.07.030",
      eprint         = "1606.02265",
      archivePrefix  = "arXiv",
      primaryClass   = "hep-ex",
      reportNumber   = "CERN-EP-2016-109",
      SLACcitation   = "%%CITATION = ARXIV:1606.02265;%%"
}
@article{Aaboud:2016cns,
      author         = "Aaboud, Morad and others",
      title          = "{Search for the Standard Model Higgs boson produced by
                        vector-boson fusion in 8 TeV pp collisions and decaying to
                        bottom quarks with the ATLAS detector}",
      collaboration  = "ATLAS",
      year           = "2016",
      eprint         = "1606.02181",
      archivePrefix  = "arXiv",
      primaryClass   = "hep-ex",
      reportNumber   = "CERN-EP-2016-076",
      SLACcitation   = "%%CITATION = ARXIV:1606.02181;%%"
}
@article{Aaboud:2016igd,
      author         = "Aaboud, Morad and others",
      title          = "{Measurement of the top quark mass in the $t\bar{t}\to$
                        dilepton channel from $\sqrt{s}=8$ TeV ATLAS data}",
      collaboration  = "ATLAS",
      journal        = "Phys. Lett.",
      volume         = "B761",
      year           = "2016",
      pages          = "350-371",
      doi            = "10.1016/j.physletb.2016.08.042",
      eprint         = "1606.02179",
      archivePrefix  = "arXiv",
      primaryClass   = "hep-ex",
      reportNumber   = "CERN-EP-2016-114",
      SLACcitation   = "%%CITATION = ARXIV:1606.02179;%%"
}
@article{Aaboud:2016yuq,
      author         = "Aaboud, Morad and others",
      title          = "{Measurement of the photon identification efficiencies
                        with the ATLAS detector using LHC Run-1 data}",
      collaboration  = "ATLAS",
      year           = "2016",
      eprint         = "1606.01813",
      archivePrefix  = "arXiv",
      primaryClass   = "hep-ex",
      reportNumber   = "CERN-EP-2016-110",
      SLACcitation   = "%%CITATION = ARXIV:1606.01813;%%"
}
@article{Aad:2016zzw,
      author         = "Aad, Georges and others",
      title          = "{Measurement of the double-differential high-mass
                        Drell-Yan cross section in pp collisions at $ \sqrt{s}=8 $
                        TeV with the ATLAS detector}",
      collaboration  = "ATLAS",
      journal        = "JHEP",
      volume         = "08",
      year           = "2016",
      pages          = "009",
      doi            = "10.1007/JHEP08(2016)009",
      eprint         = "1606.01736",
      archivePrefix  = "arXiv",
      primaryClass   = "hep-ex",
      reportNumber   = "CERN-EP-2016-079",
      SLACcitation   = "%%CITATION = ARXIV:1606.01736;%%"
}

%%% contains utf-8, see: http://inspirehep.net/info/faq/general#utf8
%%% add \usepackage[utf8]{inputenc} to your latex preamble

@article{Aaboud:2016itf,
      author         = "Aaboud, Morad and others",
      title          = "{Charged-particle distributions at low transverse
                        momentum in $\sqrt{s} = 13$  TeV $pp$ interactions
                        measured with the ATLAS detector at the LHC}",
      collaboration  = "ATLAS",
      journal        = "Eur. Phys. J.",
      volume         = "C76",
      year           = "2016",
      number         = "9",
      pages          = "502",
      doi            = "10.1140/epjc/s10052-016-4335-y",
      eprint         = "1606.01133",
      archivePrefix  = "arXiv",
      primaryClass   = "hep-ex",
      reportNumber   = "CERN-EP-2016-099",
      SLACcitation   = "%%CITATION = ARXIV:1606.01133;%%"
}
@article{Aad:2016izn,
      author         = "Aad, Georges and others",
      title          = "{Measurement of the angular coefficients in $Z$-boson
                        events using electron and muon pairs from data taken at
                        $\sqrt{s}=8$ TeV with the ATLAS detector}",
      collaboration  = "ATLAS",
      journal        = "JHEP",
      volume         = "08",
      year           = "2016",
      pages          = "159",
      doi            = "10.1007/JHEP08(2016)159",
      eprint         = "1606.00689",
      archivePrefix  = "arXiv",
      primaryClass   = "hep-ex",
      reportNumber   = "CERN-EP-2016-087",
      SLACcitation   = "%%CITATION = ARXIV:1606.00689;%%"
}
@article{Aad:2016eki,
      author         = "Aad, Georges and others",
      title          = "{Search for pair production of gluinos decaying via stop
                        and sbottom in events with $b$-jets and large missing
                        transverse momentum in $pp$ collisions at $\sqrt{s} = 13$
                        TeV with the ATLAS detector}",
      collaboration  = "ATLAS",
      journal        = "Phys. Rev.",
      volume         = "D94",
      year           = "2016",
      number         = "3",
      pages          = "032003",
      doi            = "10.1103/PhysRevD.94.032003",
      eprint         = "1605.09318",
      archivePrefix  = "arXiv",
      primaryClass   = "hep-ex",
      reportNumber   = "CERN-EP-2016-061",
      SLACcitation   = "%%CITATION = ARXIV:1605.09318;%%"
}
@article{Aaboud:2016bro,
      author         = "Aaboud, Morad and others",
      title          = "{Measurement of the relative width difference of the
                        $B^0$-$\bar B^0$ system with the ATLAS detector}",
      collaboration  = "ATLAS",
      journal        = "JHEP",
      volume         = "06",
      year           = "2016",
      pages          = "081",
      doi            = "10.1007/JHEP06(2016)081",
      eprint         = "1605.07485",
      archivePrefix  = "arXiv",
      primaryClass   = "hep-ex",
      reportNumber   = "CERN-EP-2016-085",
      SLACcitation   = "%%CITATION = ARXIV:1605.07485;%%"
}
@article{Aad:2016zif,
      author         = "Aad, Georges and others",
      title          = "{Transverse momentum, rapidity, and centrality dependence
                        of inclusive charged-particle production in
                        $\sqrt{s_{NN}}=5.02$ TeV p+Pb collisions measured by the
                        ATLAS experiment}",
      collaboration  = "ATLAS",
      journal        = "Phys. Lett.",
      volume         = "B763",
      year           = "2016",
      pages          = "313",
      doi            = "10.1016/j.physletb.2016.10.053",
      eprint         = "1605.06436",
      archivePrefix  = "arXiv",
      primaryClass   = "hep-ex",
      reportNumber   = "CERN-EP-2016-077",
      SLACcitation   = "%%CITATION = ARXIV:1605.06436;%%"
}

%%% contains utf-8, see: http://inspirehep.net/info/faq/general#utf8
%%% add \usepackage[utf8]{inputenc} to your latex preamble

@article{Aaboud:2016qeg,
      author         = "Aaboud, Morad and others",
      title          = "{Search for scalar leptoquarks in pp collisions at
                        $\sqrt{s}$ = 13 TeV with the ATLAS experiment}",
      collaboration  = "ATLAS",
      journal        = "New J. Phys.",
      volume         = "18",
      year           = "2016",
      number         = "9",
      pages          = "093016",
      doi            = "10.1088/1367-2630/18/9/093016",
      eprint         = "1605.06035",
      archivePrefix  = "arXiv",
      primaryClass   = "hep-ex",
      reportNumber   = "CERN-EP-2016-074",
      SLACcitation   = "%%CITATION = ARXIV:1605.06035;%%"
}
@article{Aad:2016qqk,
      author         = "Aad, Georges and others",
      title          = "{Search for gluinos in events with an isolated lepton,
                        jets and missing transverse momentum at $\sqrt{s}$ = 13
                        TeV with the ATLAS detector}",
      collaboration  = "ATLAS",
      journal        = "Eur. Phys. J.",
      volume         = "C76",
      year           = "2016",
      number         = "10",
      pages          = "565",
      doi            = "10.1140/epjc/s10052-016-4397-x",
      eprint         = "1605.04285",
      archivePrefix  = "arXiv",
      primaryClass   = "hep-ex",
      reportNumber   = "CERN-EP-2016-037",
      SLACcitation   = "%%CITATION = ARXIV:1605.04285;%%"
}
@article{Aaboud:2016zdn,
      author         = "Aaboud, Morad and others",
      title          = "{Search for squarks and gluinos in final states with jets
                        and missing transverse momentum at $\sqrt{s} =$ 13 TeV
                        with the ATLAS detector}",
      collaboration  = "ATLAS",
      journal        = "Eur. Phys. J.",
      volume         = "C76",
      year           = "2016",
      number         = "7",
      pages          = "392",
      doi            = "10.1140/epjc/s10052-016-4184-8",
      eprint         = "1605.03814",
      archivePrefix  = "arXiv",
      primaryClass   = "hep-ex",
      reportNumber   = "CERN-EP-2016-080",
      SLACcitation   = "%%CITATION = ARXIV:1605.03814;%%"
}
@article{Aad:2016xcr,
      author         = "Aad, Georges and others",
      title          = "{Measurement of the inclusive isolated prompt photon
                        cross section in pp collisions at $ \sqrt{s}=8 $ TeV with
                        the ATLAS detector}",
      collaboration  = "ATLAS",
      journal        = "JHEP",
      volume         = "08",
      year           = "2016",
      pages          = "005",
      doi            = "10.1007/JHEP08(2016)005",
      eprint         = "1605.03495",
      archivePrefix  = "arXiv",
      primaryClass   = "hep-ex",
      reportNumber   = "CERN-EP-2016-035",
      SLACcitation   = "%%CITATION = ARXIV:1605.03495;%%"
}

%%% contains utf-8, see: http://inspirehep.net/info/faq/general#utf8
%%% add \usepackage[utf8]{inputenc} to your latex preamble

@article{Aaboud:2016tnv,
      author         = "Aaboud, Morad and others",
      title          = "{Search for new phenomena in final states with an
                        energetic jet and large missing transverse momentum in
                        $pp$ collisions at $\sqrt{s}=13$ TeV using the ATLAS
                        detector}",
      collaboration  = "ATLAS",
      journal        = "Phys. Rev.",
      volume         = "D94",
      year           = "2016",
      number         = "3",
      pages          = "032005",
      doi            = "10.1103/PhysRevD.94.032005",
      eprint         = "1604.07773",
      archivePrefix  = "arXiv",
      primaryClass   = "hep-ex",
      reportNumber   = "CERN-EP-2016-075",
      SLACcitation   = "%%CITATION = ARXIV:1604.07773;%%"
}
@article{Aad:2016blu,
      author         = "Aad, Georges and others",
      title          = "{Search for lepton-flavour-violating decays of the Higgs
                        and $Z$ bosons with the ATLAS detector}",
      collaboration  = "ATLAS",
      year           = "2016",
      eprint         = "1604.07730",
      archivePrefix  = "arXiv",
      primaryClass   = "hep-ex",
      reportNumber   = "CERN-EP-2016-055",
      SLACcitation   = "%%CITATION = ARXIV:1604.07730;%%"
}

%%% contains utf-8, see: http://inspirehep.net/info/faq/general#utf8
%%% add \usepackage[utf8]{inputenc} to your latex preamble

@article{Aad:2016ove,
      author         = "Aad, Georges and others",
      title          = "{Measurements of the charge asymmetry in top-quark pair
                        production in the dilepton final state at $\sqrt{s}=8$
                         TeV with the ATLAS detector}",
      collaboration  = "ATLAS",
      journal        = "Phys. Rev.",
      volume         = "D94",
      year           = "2016",
      number         = "3",
      pages          = "032006",
      doi            = "10.1103/PhysRevD.94.032006",
      eprint         = "1604.05538",
      archivePrefix  = "arXiv",
      primaryClass   = "hep-ex",
      reportNumber   = "CERN-EP-2016-051",
      SLACcitation   = "%%CITATION = ARXIV:1604.05538;%%"
}
@article{Aad:2016sau,
      author         = "Aad, Georges and others",
      title          = "{Measurements of $Z\gamma$ and $Z\gamma\gamma$ production
                        in $pp$ collisions at $\sqrt{s}=$ 8 TeV with the ATLAS
                        detector}",
      collaboration  = "ATLAS",
      journal        = "Phys. Rev.",
      volume         = "D93",
      year           = "2016",
      number         = "11",
      pages          = "112002",
      doi            = "10.1103/PhysRevD.93.112002",
      eprint         = "1604.05232",
      archivePrefix  = "arXiv",
      primaryClass   = "hep-ex",
      reportNumber   = "CERN-EP-2016-049",
      SLACcitation   = "%%CITATION = ARXIV:1604.05232;%%"
}
@article{Aaboud:2016dgf,
      author         = "Aaboud, Morad and others",
      title          = "{Search for metastable heavy charged particles with large
                        ionization energy loss in pp collisions at $\sqrt{s} = 13$
                        TeV using the ATLAS experiment}",
      collaboration  = "ATLAS",
      journal        = "Phys. Rev.",
      volume         = "D93",
      year           = "2016",
      number         = "11",
      pages          = "112015",
      doi            = "10.1103/PhysRevD.93.112015",
      eprint         = "1604.04520",
      archivePrefix  = "arXiv",
      primaryClass   = "hep-ex",
      reportNumber   = "CERN-EP-2016-063",
      SLACcitation   = "%%CITATION = ARXIV:1604.04520;%%"
}
@article{Aaboud:2016ire,
      author         = "Aaboud, Morad and others",
      title          = "{Study of the rare decays of $B^0_s$ and $B^0$ into muon
                        pairs from data collected during the LHC Run 1 with the
                        ATLAS detector}",
      collaboration  = "ATLAS",
      journal        = "Eur. Phys. J.",
      volume         = "C76",
      year           = "2016",
      number         = "9",
      pages          = "513",
      doi            = "10.1140/epjc/s10052-016-4338-8",
      eprint         = "1604.04263",
      archivePrefix  = "arXiv",
      primaryClass   = "hep-ex",
      reportNumber   = "CERN-EP-2016-064",
      SLACcitation   = "%%CITATION = ARXIV:1604.04263;%%"
}
@article{Aad:2016zqi,
      author         = "Aad, Georges and others",
      title          = "{Search for the Standard Model Higgs boson decaying into
                        $ b\overline{b} $ produced in association with top quarks
                        decaying hadronically in pp collisions at $ \sqrt{s}=8 $
                        TeV with the ATLAS detector}",
      collaboration  = "ATLAS",
      journal        = "JHEP",
      volume         = "05",
      year           = "2016",
      pages          = "160",
      doi            = "10.1007/JHEP05(2016)160",
      eprint         = "1604.03812",
      archivePrefix  = "arXiv",
      primaryClass   = "hep-ex",
      reportNumber   = "CERN-EP-2016-058",
      SLACcitation   = "%%CITATION = ARXIV:1604.03812;%%"
}

%%% contains utf-8, see: http://inspirehep.net/info/faq/general#utf8
%%% add \usepackage[utf8]{inputenc} to your latex preamble

@article{Aad:2016lvc,
      author         = "Aad, Georges and others",
      title          = "{Measurement of fiducial differential cross sections of
                        gluon-fusion production of Higgs bosons decaying to
                        WW$^{∗}$→eνμν with the ATLAS detector at $
                        \sqrt{s}=8 $ TeV}",
      collaboration  = "ATLAS",
      journal        = "JHEP",
      volume         = "08",
      year           = "2016",
      pages          = "104",
      doi            = "10.1007/JHEP08(2016)104",
      eprint         = "1604.02997",
      archivePrefix  = "arXiv",
      primaryClass   = "hep-ex",
      reportNumber   = "CERN-EP-2016-019",
      SLACcitation   = "%%CITATION = ARXIV:1604.02997;%%"
}
@article{Aaboud:2016uro,
      author         = "Aaboud, Morad and others",
      title          = "{Search for new phenomena in events with a photon and
                        missing transverse momentum in $pp$ collisions at
                        $\sqrt{s}=13$ TeV with the ATLAS detector}",
      collaboration  = "ATLAS",
      journal        = "JHEP",
      volume         = "06",
      year           = "2016",
      pages          = "059",
      doi            = "10.1007/JHEP06(2016)059",
      eprint         = "1604.01306",
      archivePrefix  = "arXiv",
      primaryClass   = "hep-ex",
      reportNumber   = "CERN-EP-2016-060",
      SLACcitation   = "%%CITATION = ARXIV:1604.01306;%%"
}
@article{Aad:2016naf,
      author         = "Aad, Georges and others",
      title          = "{Measurement of $W^{\pm}$ and $Z$-boson production cross
                        sections in $pp$ collisions at $\sqrt{s}=13$ TeV with the
                        ATLAS detector}",
      collaboration  = "ATLAS",
      journal        = "Phys. Lett.",
      volume         = "B759",
      year           = "2016",
      pages          = "601-621",
      doi            = "10.1016/j.physletb.2016.06.023",
      eprint         = "1603.09222",
      archivePrefix  = "arXiv",
      primaryClass   = "hep-ex",
      reportNumber   = "CERN-EP-2016-069",
      SLACcitation   = "%%CITATION = ARXIV:1603.09222;%%"
}
@article{Aaboud:2016dig,
      author         = "Aaboud, Morad and others",
      title          = "{Search for charged Higgs bosons produced in association
                        with a top quark and decaying via $H^{\pm} \rightarrow
                        \tau\nu$ using $pp$ collision data recorded at $\sqrt{s} =
                        13$ TeV by the ATLAS detector}",
      collaboration  = "ATLAS",
      journal        = "Phys. Lett.",
      volume         = "B759",
      year           = "2016",
      pages          = "555-574",
      doi            = "10.1016/j.physletb.2016.06.017",
      eprint         = "1603.09203",
      archivePrefix  = "arXiv",
      primaryClass   = "hep-ex",
      reportNumber   = "CERN-EP-2016-056",
      SLACcitation   = "%%CITATION = ARXIV:1603.09203;%%"
}
@article{Aad:2016tzx,
      author         = "Aad, Georges and others",
      title          = "{Beam-induced and cosmic-ray backgrounds observed in the
                        ATLAS detector during the LHC 2012 proton-proton running
                        period}",
      collaboration  = "ATLAS",
      journal        = "JINST",
      volume         = "11",
      year           = "2016",
      number         = "05",
      pages          = "P05013",
      doi            = "10.1088/1748-0221/11/05/P05013",
      eprint         = "1603.09202",
      archivePrefix  = "arXiv",
      primaryClass   = "hep-ex",
      reportNumber   = "CERN-EP-2016-029",
      SLACcitation   = "%%CITATION = ARXIV:1603.09202;%%"
}
@article{Aaboud:2016nbq,
      author         = "Aaboud, Morad and others",
      title          = "{Search for resonances in the mass distribution of jet
                        pairs with one or two jets identified as $b$-jets in
                        proton--proton collisions at $\sqrt{s}=13$ TeV with the
                        ATLAS detector}",
      collaboration  = "ATLAS",
      journal        = "Phys. Lett.",
      volume         = "B759",
      year           = "2016",
      pages          = "229-246",
      doi            = "10.1016/j.physletb.2016.05.064",
      eprint         = "1603.08791",
      archivePrefix  = "arXiv",
      primaryClass   = "hep-ex",
      reportNumber   = "CERN-EP-2016-066, CERN-EP-2016-66",
      SLACcitation   = "%%CITATION = ARXIV:1603.08791;%%"
}

%%% contains utf-8, see: http://inspirehep.net/info/faq/general#utf8
%%% add \usepackage[utf8]{inputenc} to your latex preamble

@article{Aad:2016jkr,
      author         = "Aad, Georges and others",
      title          = "{Muon reconstruction performance of the ATLAS detector in
                        proton–proton collision data at $\sqrt{s}$ =13 TeV}",
      collaboration  = "ATLAS",
      journal        = "Eur. Phys. J.",
      volume         = "C76",
      year           = "2016",
      number         = "5",
      pages          = "292",
      doi            = "10.1140/epjc/s10052-016-4120-y",
      eprint         = "1603.05598",
      archivePrefix  = "arXiv",
      primaryClass   = "hep-ex",
      reportNumber   = "CERN-EP-2016-033",
      SLACcitation   = "%%CITATION = ARXIV:1603.05598;%%"
}
@article{Aad:2016pux,
      author         = "Aad, Georges and others",
      title          = "{Identification of high transverse momentum top quarks in
                        $pp$ collisions at $\sqrt{s}$ = 8 TeV with the ATLAS
                        detector}",
      collaboration  = "ATLAS",
      journal        = "JHEP",
      volume         = "06",
      year           = "2016",
      pages          = "093",
      doi            = "10.1007/JHEP06(2016)093",
      eprint         = "1603.03127",
      archivePrefix  = "arXiv",
      primaryClass   = "hep-ex",
      reportNumber   = "CERN-EP-2016-010",
      SLACcitation   = "%%CITATION = ARXIV:1603.03127;%%"
}
@article{Aad:2016upy,
      author         = "Aad, Georges and others",
      title          = "{Topological cell clustering in the ATLAS calorimeters
                        and its performance in LHC Run 1}",
      collaboration  = "ATLAS",
      year           = "2016",
      eprint         = "1603.02934",
      archivePrefix  = "arXiv",
      primaryClass   = "hep-ex",
      reportNumber   = "CERN-PH-EP-2015-304",
      SLACcitation   = "%%CITATION = ARXIV:1603.02934;%%"
}
@article{Aad:2016xww,
      author         = "Aad, Georges and others",
      title          = "{Charged-particle distributions in $pp$ interactions at
                        $\sqrt{s}=$ 8 TeV measured with the ATLAS detector}",
      collaboration  = "ATLAS",
      journal        = "Eur. Phys. J.",
      volume         = "C76",
      year           = "2016",
      number         = "7",
      pages          = "403",
      doi            = "10.1140/epjc/s10052-016-4203-9",
      eprint         = "1603.02439",
      archivePrefix  = "arXiv",
      primaryClass   = "hep-ex",
      reportNumber   = "CERN-EP-2016-020",
      SLACcitation   = "%%CITATION = ARXIV:1603.02439;%%"
}
@article{Aad:2016ett,
      author         = "Aad, Georges and others",
      title          = "{Measurements of $W^\pm Z$ production cross sections in
                        $pp$ collisions at $\sqrt{s} = 8$ TeV with the ATLAS
                        detector and limits on anomalous gauge boson
                        self-couplings}",
      collaboration  = "ATLAS",
      journal        = "Phys. Rev.",
      volume         = "D93",
      year           = "2016",
      number         = "9",
      pages          = "092004",
      doi            = "10.1103/PhysRevD.93.092004",
      eprint         = "1603.02151",
      archivePrefix  = "arXiv",
      primaryClass   = "hep-ex",
      reportNumber   = "CERN-EP-2016-017",
      SLACcitation   = "%%CITATION = ARXIV:1603.02151;%%"
}
@article{Aad:2016wpd,
      author         = "Aad, Georges and others",
      title          = "{Measurement of total and differential $W^+W^-$
                        production cross sections in proton-proton collisions at
                        $\sqrt{s}=$ 8 TeV with the ATLAS detector and limits on
                        anomalous triple-gauge-boson couplings}",
      collaboration  = "ATLAS",
      journal        = "JHEP",
      volume         = "09",
      year           = "2016",
      pages          = "029",
      doi            = "10.1007/JHEP09(2016)029",
      eprint         = "1603.01702",
      archivePrefix  = "arXiv",
      primaryClass   = "hep-ex",
      reportNumber   = "CERN-PH-EP-2015-323",
      SLACcitation   = "%%CITATION = ARXIV:1603.01702;%%"
}

%%% contains utf-8, see: http://inspirehep.net/info/faq/general#utf8
%%% add \usepackage[utf8]{inputenc} to your latex preamble

@article{Aad:2016tuk,
      author         = "Aad, Georges and others",
      title          = "{Search for supersymmetry at $\sqrt{s}=13$  TeV in final
                        states with jets and two same-sign leptons or three
                        leptons with the ATLAS detector}",
      collaboration  = "ATLAS",
      journal        = "Eur. Phys. J.",
      volume         = "C76",
      year           = "2016",
      number         = "5",
      pages          = "259",
      doi            = "10.1140/epjc/s10052-016-4095-8",
      eprint         = "1602.09058",
      archivePrefix  = "arXiv",
      primaryClass   = "hep-ex",
      reportNumber   = "CERN-EP-2016-027",
      SLACcitation   = "%%CITATION = ARXIV:1602.09058;%%"
}
@article{Aad:2016ria,
      author         = "Aad, Georges and others",
      title          = "{Measurement of event-shape observables in $Z \rightarrow
                        \ell ^{+} \ell ^{-}$ events in $pp$ collisions at
                        $\sqrt{s}=$ 7 TeV with the ATLAS detector at the LHC}",
      collaboration  = "ATLAS",
      journal        = "Eur. Phys. J.",
      volume         = "C76",
      year           = "2016",
      number         = "7",
      pages          = "375",
      doi            = "10.1140/epjc/s10052-016-4176-8",
      eprint         = "1602.08980",
      archivePrefix  = "arXiv",
      primaryClass   = "hep-ex",
      reportNumber   = "CERN-EP-2016-015",
      SLACcitation   = "%%CITATION = ARXIV:1602.08980;%%"
}
@article{Aad:2016jxj,
      author         = "Aad, Georges and others",
      title          = "{Search for new phenomena in final states with large jet
                        multiplicities and missing transverse momentum with ATLAS
                        using $\sqrt{s} =$ 13 TeV proton-proton collisions}",
      collaboration  = "ATLAS",
      journal        = "Phys. Lett.",
      volume         = "B757",
      year           = "2016",
      pages          = "334-355",
      doi            = "10.1016/j.physletb.2016.04.005",
      eprint         = "1602.06194",
      archivePrefix  = "arXiv",
      primaryClass   = "hep-ex",
      reportNumber   = "CERN-PH-EP-2016-026, CERN-EP-2016-026",
      SLACcitation   = "%%CITATION = ARXIV:1602.06194;%%"
}
@article{Aad:2016shx,
      author         = "Aad, Georges and others",
      title          = "{Search for single production of a vector-like quark via
                        a heavy gluon in the $4b$ final state with the ATLAS
                        detector in $pp$ collisions at $\sqrt{s} = 8$ TeV}",
      collaboration  = "ATLAS",
      journal        = "Phys. Lett.",
      volume         = "B758",
      year           = "2016",
      pages          = "249-268",
      doi            = "10.1016/j.physletb.2016.04.061",
      eprint         = "1602.06034",
      archivePrefix  = "arXiv",
      primaryClass   = "hep-ex",
      reportNumber   = "CERN-PH-EP-2015-321",
      SLACcitation   = "%%CITATION = ARXIV:1602.06034;%%"
}

%%% contains utf-8, see: http://inspirehep.net/info/faq/general#utf8
%%% add \usepackage[utf8]{inputenc} to your latex preamble

@article{Aad:2016qpo,
      author         = "Aad, Georges and others",
      title          = "{Search for single production of vector-like quarks
                        decaying into Wb in pp collisions at $\sqrt{s} = 8$  TeV
                        with the ATLAS detector}",
      collaboration  = "ATLAS",
      journal        = "Eur. Phys. J.",
      volume         = "C76",
      year           = "2016",
      number         = "8",
      pages          = "442",
      doi            = "10.1140/epjc/s10052-016-4281-8",
      eprint         = "1602.05606",
      archivePrefix  = "arXiv",
      primaryClass   = "hep-ex",
      reportNumber   = "CERN-PH-EP-2015-319",
      SLACcitation   = "%%CITATION = ARXIV:1602.05606;%%"
}
@article{Aad:2016nal,
      author         = "Aad, Georges and others",
      title          = "{Test of CP Invariance in vector-boson fusion production
                        of the Higgs boson using the Optimal Observable method in
                        the ditau decay channel with the ATLAS detector}",
      collaboration  = "ATLAS",
      year           = "2016",
      eprint         = "1602.04516",
      archivePrefix  = "arXiv",
      primaryClass   = "hep-ex",
      reportNumber   = "CERN-EP-2016-002",
      SLACcitation   = "%%CITATION = ARXIV:1602.04516;%%"
}
@article{Aad:2016mok,
      author         = "Aad, Georges and others",
      title          = "{Charged-particle distributions in $\sqrt{s}$=13 TeV $pp$
                        interactions measured with the ATLAS detector at the LHC}",
      collaboration  = "ATLAS",
      journal        = "Phys. Lett.",
      volume         = "B758",
      year           = "2016",
      pages          = "67-88",
      doi            = "10.1016/j.physletb.2016.04.050",
      eprint         = "1602.01633",
      archivePrefix  = "arXiv",
      primaryClass   = "hep-ex",
      reportNumber   = "CERN-EP-2016-014",
      SLACcitation   = "%%CITATION = ARXIV:1602.01633;%%"
}
@article{Aad:2016oit,
      author         = "Aad, Georges and others",
      title          = "{Measurement of the charged-particle multiplicity inside
                        jets from $\sqrt{s}=8$ TeV $pp$ collisions with the ATLAS
                        detector}",
      collaboration  = "ATLAS",
      journal        = "Eur. Phys. J.",
      volume         = "C76",
      year           = "2016",
      number         = "6",
      pages          = "322",
      doi            = "10.1140/epjc/s10052-016-4126-5",
      eprint         = "1602.00988",
      archivePrefix  = "arXiv",
      primaryClass   = "hep-ex",
      reportNumber   = "CERN-PH-EP-2016-001, CERN-EP-2016-001",
      SLACcitation   = "%%CITATION = ARXIV:1602.00988;%%"
}
@article{Aad:2016kww,
      author         = "Aad, Georges and others",
      title          = "{A search for top squarks with R-parity-violating decays
                        to all-hadronic final states with the ATLAS detector in
                        $\sqrt{s}$ = 8 TeV proton-proton collisions}",
      collaboration  = "ATLAS",
      journal        = "JHEP",
      volume         = "06",
      year           = "2016",
      pages          = "067",
      doi            = "10.1007/JHEP06(2016)067",
      eprint         = "1601.07453",
      archivePrefix  = "arXiv",
      primaryClass   = "hep-ex",
      reportNumber   = "CERN-PH-EP-2015-296",
      SLACcitation   = "%%CITATION = ARXIV:1601.07453;%%"
}
@article{Aad:2016giq,
      author         = "Aad, Georges and others",
      title          = "{A search for an excited muon decaying to a muon and two
                        jets in $pp$ collisions at $\sqrt{s}$ = 8 TeV with the
                        ATLAS detector}",
      collaboration  = "ATLAS",
      journal        = "New J. Phys.",
      volume         = "18",
      year           = "2016",
      number         = "7",
      pages          = "073021",
      doi            = "10.1088/1367-2630/18/7/073021",
      eprint         = "1601.05627",
      archivePrefix  = "arXiv",
      primaryClass   = "hep-ex",
      reportNumber   = "CERN-PH-EP-2015-298",
      SLACcitation   = "%%CITATION = ARXIV:1601.05627;%%"
}
@article{Aad:2016wce,
      author         = "Aad, Georges and others",
      title          = "{Probing lepton flavour violation via neutrinoless
                        $\varvec{\tau \longrightarrow 3\mu }$ decays with the
                        ATLAS detector}",
      collaboration  = "ATLAS",
      journal        = "Eur. Phys. J.",
      volume         = "C76",
      year           = "2016",
      number         = "5",
      pages          = "232",
      doi            = "10.1140/epjc/s10052-016-4041-9",
      eprint         = "1601.03567",
      archivePrefix  = "arXiv",
      primaryClass   = "hep-ex",
      reportNumber   = "CERN-PH-EP-2015-315",
      SLACcitation   = "%%CITATION = ARXIV:1601.03567;%%"
}
@article{Aad:2015lgx,
      author         = "Aad, Georges and others",
      title          = "{Measurement of the charge asymmetry in highly boosted
                        top-quark pair production in $\sqrt{s} =$ 8 TeV $pp$
                        collision data collected by the ATLAS experiment}",
      collaboration  = "ATLAS",
      journal        = "Phys. Lett.",
      volume         = "B756",
      year           = "2016",
      pages          = "52-71",
      doi            = "10.1016/j.physletb.2016.02.055",
      eprint         = "1512.06092",
      archivePrefix  = "arXiv",
      primaryClass   = "hep-ex",
      reportNumber   = "CERN-PH-EP-2015-303",
      SLACcitation   = "%%CITATION = ARXIV:1512.06092;%%"
}
@article{Aad:2015unr,
      author         = "Aad, Georges and others",
      title          = "{Reconstruction of hadronic decay products of tau leptons
                        with the ATLAS experiment}",
      collaboration  = "ATLAS",
      journal        = "Eur. Phys. J.",
      volume         = "C76",
      year           = "2016",
      number         = "5",
      pages          = "295",
      doi            = "10.1140/epjc/s10052-016-4110-0",
      eprint         = "1512.05955",
      archivePrefix  = "arXiv",
      primaryClass   = "hep-ex",
      reportNumber   = "CERN-PH-EP-2015-294",
      SLACcitation   = "%%CITATION = ARXIV:1512.05955;%%"
}
@article{Aad:2015ywd,
      author         = "Aad, Georges and others",
      title          = "{Search for new phenomena with photon+jet events in
                        proton-proton collisions at $ \sqrt{s}=13 $ TeV with the
                        ATLAS detector}",
      collaboration  = "ATLAS",
      journal        = "JHEP",
      volume         = "03",
      year           = "2016",
      pages          = "041",
      doi            = "10.1007/JHEP03(2016)041",
      eprint         = "1512.05910",
      archivePrefix  = "arXiv",
      primaryClass   = "hep-ex",
      reportNumber   = "CERN-PH-EP-2015-320",
      SLACcitation   = "%%CITATION = ARXIV:1512.05910;%%"
}
@article{Aad:2015zqe,
      author         = "Aad, Georges and others",
      title          = "{Measurement of the $ZZ$ Production Cross Section in $pp$
                        Collisions at $\sqrt{s}$ = 13 TeV with the ATLAS
                        Detector}",
      collaboration  = "ATLAS",
      journal        = "Phys. Rev. Lett.",
      volume         = "116",
      year           = "2016",
      number         = "10",
      pages          = "101801",
      doi            = "10.1103/PhysRevLett.116.101801",
      eprint         = "1512.05314",
      archivePrefix  = "arXiv",
      primaryClass   = "hep-ex",
      reportNumber   = "CERN-PH-EP-2015-318",
      SLACcitation   = "%%CITATION = ARXIV:1512.05314;%%"
}
@article{Aad:2015ipg,
      author         = "Aad, Georges and others",
      title          = "{Combination of searches for $WW$, $WZ$, and $ZZ$
                        resonances in $pp$ collisions at $\sqrt{s} = 8$ TeV with
                        the ATLAS detector}",
      collaboration  = "ATLAS",
      journal        = "Phys. Lett.",
      volume         = "B755",
      year           = "2016",
      pages          = "285-305",
      doi            = "10.1016/j.physletb.2016.02.015",
      eprint         = "1512.05099",
      archivePrefix  = "arXiv",
      primaryClass   = "hep-ex",
      reportNumber   = "CERN-PH-EP-2015-269",
      SLACcitation   = "%%CITATION = ARXIV:1512.05099;%%"
}
@article{Aad:2015typ,
      author         = "Aad, Georges and others",
      title          = "{Search for charged Higgs bosons in the $H^{\pm}
                        \rightarrow tb$ decay channel in $pp$ collisions at
                        $\sqrt{s}=8 $ TeV using the ATLAS detector}",
      collaboration  = "ATLAS",
      journal        = "JHEP",
      volume         = "03",
      year           = "2016",
      pages          = "127",
      doi            = "10.1007/JHEP03(2016)127",
      eprint         = "1512.03704",
      archivePrefix  = "arXiv",
      primaryClass   = "hep-ex",
      reportNumber   = "CERN-PH-EP-2015-290",
      SLACcitation   = "%%CITATION = ARXIV:1512.03704;%%"
}
@article{Aad:2015mzg,
      author         = "Aad, Georges and others",
      title          = "{Search for strong gravity in multijet final states
                        produced in pp collisions at $\sqrt{s} =$ 13 TeV using the
                        ATLAS detector at the LHC}",
      collaboration  = "ATLAS",
      journal        = "JHEP",
      volume         = "03",
      year           = "2016",
      pages          = "026",
      doi            = "10.1007/JHEP03(2016)026",
      eprint         = "1512.02586",
      archivePrefix  = "arXiv",
      primaryClass   = "hep-ex",
      reportNumber   = "CERN-PH-EP-2015-312",
      SLACcitation   = "%%CITATION = ARXIV:1512.02586;%%"
}

%%% contains utf-8, see: http://inspirehep.net/info/faq/general#utf8
%%% add \usepackage[utf8]{inputenc} to your latex preamble

@article{Aad:2015auj,
      author         = "Aad, Georges and others",
      title          = "{Measurement of the transverse momentum and $\phi
                        ^*_{\eta }$ distributions of Drell–Yan lepton pairs in
                        proton–proton collisions at $\sqrt{s}=8$  TeV with the
                        ATLAS detector}",
      collaboration  = "ATLAS",
      journal        = "Eur. Phys. J.",
      volume         = "C76",
      year           = "2016",
      number         = "5",
      pages          = "291",
      doi            = "10.1140/epjc/s10052-016-4070-4",
      eprint         = "1512.02192",
      archivePrefix  = "arXiv",
      primaryClass   = "hep-ex",
      reportNumber   = "CERN-PH-EP-2015-275",
      SLACcitation   = "%%CITATION = ARXIV:1512.02192;%%"
}

%%% contains utf-8, see: http://inspirehep.net/info/faq/general#utf8
%%% add \usepackage[utf8]{inputenc} to your latex preamble

@article{ATLAS:2015nsi,
      author         = "Aad, Georges and others",
      title          = "{Search for new phenomena in dijet mass and angular
                        distributions from $pp$ collisions at $\sqrt{s}=$ 13 TeV
                        with the ATLAS detector}",
      collaboration  = "ATLAS",
      journal        = "Phys. Lett.",
      volume         = "B754",
      year           = "2016",
      pages          = "302-322",
      doi            = "10.1016/j.physletb.2016.01.032",
      eprint         = "1512.01530",
      archivePrefix  = "arXiv",
      primaryClass   = "hep-ex",
      reportNumber   = "CERN-PH-EP-2015-311",
      SLACcitation   = "%%CITATION = ARXIV:1512.01530;%%"
}
@article{Aad:2015zrx,
      author         = "Aad, Georges and others",
      title          = "{Search for the Standard Model Higgs boson produced in
                        association with a vector boson and decaying into a tau
                        pair in $pp$ collisions at $\sqrt{s} = 8$ TeV with the
                        ATLAS detector}",
      collaboration  = "ATLAS",
      journal        = "Phys. Rev.",
      volume         = "D93",
      year           = "2016",
      number         = "9",
      pages          = "092005",
      doi            = "10.1103/PhysRevD.93.092005",
      eprint         = "1511.08352",
      archivePrefix  = "arXiv",
      primaryClass   = "hep-ex",
      reportNumber   = "CERN-PH-2015-226, CERN-PH-EP-2015-226",
      SLACcitation   = "%%CITATION = ARXIV:1511.08352;%%"
}
@article{Aad:2015upn,
      author         = "Aad, Georges and others",
      title          = "{Evidence for single top-quark production in the
                        $s$-channel in proton-proton collisions at $\sqrt{s}=$8
                        TeV with the ATLAS detector using the Matrix Element
                        Method}",
      collaboration  = "ATLAS",
      journal        = "Phys. Lett.",
      volume         = "B756",
      year           = "2016",
      pages          = "228-246",
      doi            = "10.1016/j.physletb.2016.03.017",
      eprint         = "1511.05980",
      archivePrefix  = "arXiv",
      primaryClass   = "hep-ex",
      reportNumber   = "CERN-PH-EP-2015-286",
      SLACcitation   = "%%CITATION = ARXIV:1511.05980;%%"
}
@article{Aad:2015sms,
      author         = "Aad, Georges and others",
      title          = "{A search for prompt lepton-jets in $pp$ collisions at
                        $\sqrt{s}=$ 8 TeV with the ATLAS detector}",
      collaboration  = "ATLAS",
      journal        = "JHEP",
      volume         = "02",
      year           = "2016",
      pages          = "062",
      doi            = "10.1007/JHEP02(2016)062",
      eprint         = "1511.05542",
      archivePrefix  = "arXiv",
      primaryClass   = "hep-ex",
      reportNumber   = "CERN-PH-EP-2015-242",
      SLACcitation   = "%%CITATION = ARXIV:1511.05542;%%"
}
@article{Aad:2015mbv,
      author         = "Aad, Georges and others",
      title          = "{Measurements of top-quark pair differential
                        cross-sections in the lepton+jets channel in $pp$
                        collisions at $\sqrt{s}=8$ TeV using the ATLAS detector}",
      collaboration  = "ATLAS",
      journal        = "Eur. Phys. J.",
      volume         = "C76",
      year           = "2016",
      number         = "10",
      pages          = "538",
      doi            = "10.1140/epjc/s10052-016-4366-4",
      eprint         = "1511.04716",
      archivePrefix  = "arXiv",
      primaryClass   = "hep-ex",
      reportNumber   = "CERN-PH-EP-2015-239",
      SLACcitation   = "%%CITATION = ARXIV:1511.04716;%%"
}
@article{Aad:2015xis,
      author         = "Aad, Georges and others",
      title          = "{Dijet production in $\sqrt{s}=$ 7 TeV $pp$ collisions
                        with large rapidity gaps at the ATLAS experiment}",
      collaboration  = "ATLAS",
      journal        = "Phys. Lett.",
      volume         = "B754",
      year           = "2016",
      pages          = "214-234",
      doi            = "10.1016/j.physletb.2016.01.028",
      eprint         = "1511.00502",
      archivePrefix  = "arXiv",
      primaryClass   = "hep-ex",
      reportNumber   = "CERN-PH-EP-2015-227",
      SLACcitation   = "%%CITATION = ARXIV:1511.00502;%%"
}
@article{Aad:2015bfa,
      author         = "Aad, Georges and others",
      title          = "{Measurement of the correlations between the polar angles
                        of leptons from top quark decays in the helicity basis at
                        $\sqrt{s}=7$TeV using the ATLAS detector}",
      collaboration  = "ATLAS",
      journal        = "Phys. Rev.",
      volume         = "D93",
      year           = "2016",
      number         = "1",
      pages          = "012002",
      doi            = "10.1103/PhysRevD.93.012002",
      eprint         = "1510.07478",
      archivePrefix  = "arXiv",
      primaryClass   = "hep-ex",
      reportNumber   = "CERN-PH-EP-2015-241",
      SLACcitation   = "%%CITATION = ARXIV:1510.07478;%%"
}
@article{Aad:2015dva,
      author         = "Aad, Georges and others",
      title          = "{Search for dark matter produced in association with a
                        Higgs boson decaying to two bottom quarks in $pp$
                        collisions at $\sqrt{s} = 8$ TeV with the ATLAS detector}",
      collaboration  = "ATLAS",
      journal        = "Phys. Rev.",
      volume         = "D93",
      year           = "2016",
      number         = "7",
      pages          = "072007",
      doi            = "10.1103/PhysRevD.93.072007",
      eprint         = "1510.06218",
      archivePrefix  = "arXiv",
      primaryClass   = "hep-ex",
      reportNumber   = "CERN-PH-EP-2015-247",
      SLACcitation   = "%%CITATION = ARXIV:1510.06218;%%"
}
@article{Aad:2015rpa,
      author         = "Aad, Georges and others",
      title          = "{Identification of boosted, hadronically decaying W
                        bosons and comparisons with ATLAS data taken at $\sqrt{s}
                        = 8$ TeV}",
      collaboration  = "ATLAS",
      journal        = "Eur. Phys. J.",
      volume         = "C76",
      year           = "2016",
      number         = "3",
      pages          = "154",
      doi            = "10.1140/epjc/s10052-016-3978-z",
      eprint         = "1510.05821",
      archivePrefix  = "arXiv",
      primaryClass   = "hep-ex",
      reportNumber   = "CERN-PH-EP-2015-204",
      SLACcitation   = "%%CITATION = ARXIV:1510.05821;%%"
}
@article{Aad:2015hna,
      author         = "Aad, Georges and others",
      title          = "{Measurement of the differential cross-section of highly
                        boosted top quarks as a function of their transverse
                        momentum in $\sqrt{s}$ = 8 TeV proton-proton collisions
                        using the ATLAS detector}",
      collaboration  = "ATLAS",
      journal        = "Phys. Rev.",
      volume         = "D93",
      year           = "2016",
      number         = "3",
      pages          = "032009",
      doi            = "10.1103/PhysRevD.93.032009",
      eprint         = "1510.03818",
      archivePrefix  = "arXiv",
      primaryClass   = "hep-ex",
      reportNumber   = "CERN-PH-EP-2015-237",
      SLACcitation   = "%%CITATION = ARXIV:1510.03818;%%"
}
@article{Aad:2015yem,
      author         = "Aad, Georges and others",
      title          = "{Search for anomalous couplings in the $Wtb$ vertex from
                        the measurement of double differential angular decay rates
                        of single top quarks produced in the $t$-channel with the
                        ATLAS detector}",
      collaboration  = "ATLAS",
      journal        = "JHEP",
      volume         = "04",
      year           = "2016",
      pages          = "023",
      doi            = "10.1007/JHEP04(2016)023",
      eprint         = "1510.03764",
      archivePrefix  = "arXiv",
      primaryClass   = "hep-ex",
      reportNumber   = "CERN-PH-EP-2015-236",
      SLACcitation   = "%%CITATION = ARXIV:1510.03764;%%"
}
@article{Aad:2015eto,
      author         = "Aad, Georges and others",
      title          = "{Measurement of the production cross-section of a single
                        top quark in association with a $W$ boson at 8 TeV with
                        the ATLAS experiment}",
      collaboration  = "ATLAS",
      journal        = "JHEP",
      volume         = "01",
      year           = "2016",
      pages          = "064",
      doi            = "10.1007/JHEP01(2016)064",
      eprint         = "1510.03752",
      archivePrefix  = "arXiv",
      primaryClass   = "hep-ex",
      reportNumber   = "CERN-PH-2015-230, CERN-PH-EP-2015-230",
      SLACcitation   = "%%CITATION = ARXIV:1510.03752;%%"
}
@article{Aad:2015voa,
      author         = "Aad, Georges and others",
      title          = "{Search for the production of single vector-like and
                        excited quarks in the $Wt$ final state in $pp$ collisions
                        at $\sqrt{s}$ = 8 TeV with the ATLAS detector}",
      collaboration  = "ATLAS",
      journal        = "JHEP",
      volume         = "02",
      year           = "2016",
      pages          = "110",
      doi            = "10.1007/JHEP02(2016)110",
      eprint         = "1510.02664",
      archivePrefix  = "arXiv",
      primaryClass   = "hep-ex",
      reportNumber   = "CERN-PH-EP-2015-235",
      SLACcitation   = "%%CITATION = ARXIV:1510.02664;%%"
}
@article{Aad:2015kta,
      author         = "Aad, Georges and others",
      title          = "{Search for magnetic monopoles and stable particles with
                        high electric charges in 8 TeV $pp$ collisions with the
                        ATLAS detector}",
      collaboration  = "ATLAS",
      journal        = "Phys. Rev.",
      volume         = "D93",
      year           = "2016",
      number         = "5",
      pages          = "052009",
      doi            = "10.1103/PhysRevD.93.052009",
      eprint         = "1509.08059",
      archivePrefix  = "arXiv",
      primaryClass   = "hep-ex",
      reportNumber   = "CERN-PH-EP-2015-174",
      SLACcitation   = "%%CITATION = ARXIV:1509.08059;%%"
}
@article{Aad:2015rka,
      author         = "Aad, Georges and others",
      title          = "{Measurements of four-lepton production in $pp$
                        collisions at $\sqrt{s}=$ 8 TeV with the ATLAS detector}",
      collaboration  = "ATLAS",
      journal        = "Phys. Lett.",
      volume         = "B753",
      year           = "2016",
      pages          = "552-572",
      doi            = "10.1016/j.physletb.2015.12.048",
      eprint         = "1509.07844",
      archivePrefix  = "arXiv",
      primaryClass   = "hep-ex",
      reportNumber   = "CERN-PH-EP-2015-220",
      SLACcitation   = "%%CITATION = ARXIV:1509.07844;%%"
}
@article{Aad:2015eda,
      author         = "Aad, Georges and others",
      title          = "{Search for the electroweak production of supersymmetric
                        particles in $\sqrt{s}$=8 TeV $pp$ collisions with the
                        ATLAS detector}",
      collaboration  = "ATLAS",
      journal        = "Phys. Rev.",
      volume         = "D93",
      year           = "2016",
      number         = "5",
      pages          = "052002",
      doi            = "10.1103/PhysRevD.93.052002",
      eprint         = "1509.07152",
      archivePrefix  = "arXiv",
      primaryClass   = "hep-ex",
      reportNumber   = "CERN-PH-EP-2015-218",
      SLACcitation   = "%%CITATION = ARXIV:1509.07152;%%"
}
@article{Aad:2015pja,
      author         = "Aad, Georges and others",
      title          = "{Search for flavour-changing neutral current top quark
                        decays $t\to Hq$ in $pp$ collisions at $\sqrt{s}=8$ TeV
                        with the ATLAS detector}",
      collaboration  = "ATLAS",
      journal        = "JHEP",
      volume         = "12",
      year           = "2015",
      pages          = "061",
      doi            = "10.1007/JHEP12(2015)061",
      eprint         = "1509.06047",
      archivePrefix  = "arXiv",
      primaryClass   = "hep-ex",
      reportNumber   = "CERN-PH-EP-2015-229",
      SLACcitation   = "%%CITATION = ARXIV:1509.06047;%%"
}
@article{Aad:2015eua,
      author         = "Aad, Georges and others",
      title          = "{Measurement of the $ t\overline{t}W $ and $
                        t\overline{t}Z $ production cross sections in pp
                        collisions at $ \sqrt{s}=8 $ TeV with the ATLAS detector}",
      collaboration  = "ATLAS",
      journal        = "JHEP",
      volume         = "11",
      year           = "2015",
      pages          = "172",
      doi            = "10.1007/JHEP11(2015)172",
      eprint         = "1509.05276",
      archivePrefix  = "arXiv",
      primaryClass   = "hep-ex",
      reportNumber   = "CERN-PH-EP-2015-208",
      SLACcitation   = "%%CITATION = ARXIV:1509.05276;%%"
}

%%% contains utf-8, see: http://inspirehep.net/info/faq/general#utf8
%%% add \usepackage[utf8]{inputenc} to your latex preamble

@article{Aad:2015cua,
      author         = "Aad, Georges and others",
      title          = "{Measurement of jet charge in dijet events from
                        $\sqrt{s}$=8  TeV pp collisions with the ATLAS
                        detector}",
      collaboration  = "ATLAS",
      journal        = "Phys. Rev.",
      volume         = "D93",
      year           = "2016",
      number         = "5",
      pages          = "052003",
      doi            = "10.1103/PhysRevD.93.052003",
      eprint         = "1509.05190",
      archivePrefix  = "arXiv",
      primaryClass   = "hep-ex",
      reportNumber   = "CERN-PH-EP-2015-207",
      SLACcitation   = "%%CITATION = ARXIV:1509.05190;%%"
}
@article{Aad:2015bua,
      author         = "Aad, Georges and others",
      title          = "{Search for new phenomena in events with at least three
                        photons collected in $pp$ collisions at $\sqrt{s}$ = 8 TeV
                        with the ATLAS detector}",
      collaboration  = "ATLAS",
      journal        = "Eur. Phys. J.",
      volume         = "C76",
      year           = "2016",
      number         = "4",
      pages          = "210",
      doi            = "10.1140/epjc/s10052-016-4034-8",
      eprint         = "1509.05051",
      archivePrefix  = "arXiv",
      primaryClass   = "hep-ex",
      reportNumber   = "CERN-PH-EP-2015-187",
      SLACcitation   = "%%CITATION = ARXIV:1509.05051;%%"
}

%%% contains utf-8, see: http://inspirehep.net/info/faq/general#utf8
%%% add \usepackage[utf8]{inputenc} to your latex preamble

@article{Aad:2015gqa,
      author         = "Aad, Georges and others",
      title          = "{Observation of Long-Range Elliptic Azimuthal
                        Anisotropies in $\sqrt{s}=$13 and 2.76 TeV $pp$
                        Collisions with the ATLAS Detector}",
      collaboration  = "ATLAS",
      journal        = "Phys. Rev. Lett.",
      volume         = "116",
      year           = "2016",
      number         = "17",
      pages          = "172301",
      doi            = "10.1103/PhysRevLett.116.172301",
      eprint         = "1509.04776",
      archivePrefix  = "arXiv",
      primaryClass   = "hep-ex",
      reportNumber   = "CERN-PH-EP-2015-251",
      SLACcitation   = "%%CITATION = ARXIV:1509.04776;%%"
}
@article{Aad:2015xja,
      author         = "Aad, Georges and others",
      title          = "{Searches for Higgs boson pair production in the $hh\to
                        bb\tau\tau, \gamma\gamma WW^*, \gamma\gamma bb, bbbb$
                        channels with the ATLAS detector}",
      collaboration  = "ATLAS",
      journal        = "Phys. Rev.",
      volume         = "D92",
      year           = "2015",
      pages          = "092004",
      doi            = "10.1103/PhysRevD.92.092004",
      eprint         = "1509.04670",
      archivePrefix  = "arXiv",
      primaryClass   = "hep-ex",
      reportNumber   = "CERN-PH-EP-2015-225",
      SLACcitation   = "%%CITATION = ARXIV:1509.04670;%%"
}
@article{Aad:2015tba,
      author         = "Aad, Georges and others",
      title          = "{Search for pair production of a new heavy quark that
                        decays into a $W$ boson and a light quark in $pp$
                        collisions at $\sqrt{s} = 8$ TeV with the ATLAS detector}",
      collaboration  = "ATLAS",
      journal        = "Phys. Rev.",
      volume         = "D92",
      year           = "2015",
      number         = "11",
      pages          = "112007",
      doi            = "10.1103/PhysRevD.92.112007",
      eprint         = "1509.04261",
      archivePrefix  = "arXiv",
      primaryClass   = "hep-ex",
      reportNumber   = "CERN-PH-EP-2015-212",
      SLACcitation   = "%%CITATION = ARXIV:1509.04261;%%"
}
@article{Aad:2015noh,
      author         = "Aad, Georges and others",
      title          = "{Measurement of the charge asymmetry in top-quark pair
                        production in the lepton-plus-jets final state in pp
                        collision data at $\sqrt{s}=8\,\mathrm TeV{}$ with the
                        ATLAS detector}",
      collaboration  = "ATLAS",
      journal        = "Eur. Phys. J.",
      volume         = "C76",
      year           = "2016",
      number         = "2",
      pages          = "87",
      doi            = "10.1140/epjc/s10052-016-3910-6",
      eprint         = "1509.02358",
      archivePrefix  = "arXiv",
      primaryClass   = "hep-ex",
      reportNumber   = "CERN-PH-EP-2015-217",
      SLACcitation   = "%%CITATION = ARXIV:1509.02358;%%"
}
@article{Aad:2015pla,
      author         = "Aad, Georges and others",
      title          = "{Constraints on new phenomena via Higgs boson couplings
                        and invisible decays with the ATLAS detector}",
      collaboration  = "ATLAS",
      journal        = "JHEP",
      volume         = "11",
      year           = "2015",
      pages          = "206",
      doi            = "10.1007/JHEP11(2015)206",
      eprint         = "1509.00672",
      archivePrefix  = "arXiv",
      primaryClass   = "hep-ex",
      reportNumber   = "CERN-PH-EP-2015-191",
      SLACcitation   = "%%CITATION = ARXIV:1509.00672;%%"
}
@article{Aad:2015agg,
      author         = "Aad, Georges and others",
      title          = "{Search for a high-mass Higgs boson decaying to a $W$
                        boson pair in $pp$ collisions at $\sqrt{s} = 8$ TeV with
                        the ATLAS detector}",
      collaboration  = "ATLAS",
      journal        = "JHEP",
      volume         = "01",
      year           = "2016",
      pages          = "032",
      doi            = "10.1007/JHEP01(2016)032",
      eprint         = "1509.00389",
      archivePrefix  = "arXiv",
      primaryClass   = "hep-ex",
      reportNumber   = "CERN-PH-EP-2015-185",
      SLACcitation   = "%%CITATION = ARXIV:1509.00389;%%"
}

%%% contains utf-8, see: http://inspirehep.net/info/faq/general#utf8
%%% add \usepackage[utf8]{inputenc} to your latex preamble

@article{Aad:2015yja,
      author         = "Aad, Georges and others",
      title          = "{Measurements of fiducial cross-sections for $t\bar{t}$
                        production with one or two additional b-jets in pp
                        collisions at $\sqrt{s}$ =8 TeV using the ATLAS
                        detector}",
      collaboration  = "ATLAS",
      journal        = "Eur. Phys. J.",
      volume         = "C76",
      year           = "2016",
      number         = "1",
      pages          = "11",
      doi            = "10.1140/epjc/s10052-015-3852-4",
      eprint         = "1508.06868",
      archivePrefix  = "arXiv",
      primaryClass   = "hep-ex",
      reportNumber   = "CERN-PH-EP-2015-200",
      SLACcitation   = "%%CITATION = ARXIV:1508.06868;%%"
}

%%% contains utf-8, see: http://inspirehep.net/info/faq/general#utf8
%%% add \usepackage[utf8]{inputenc} to your latex preamble

@article{Aad:2015baa,
      author         = "Aad, Georges and others",
      title          = "{Summary of the ATLAS experiment’s sensitivity to
                        supersymmetry after LHC Run 1 — interpreted in the
                        phenomenological MSSM}",
      collaboration  = "ATLAS",
      journal        = "JHEP",
      volume         = "10",
      year           = "2015",
      pages          = "134",
      doi            = "10.1007/JHEP10(2015)134",
      eprint         = "1508.06608",
      archivePrefix  = "arXiv",
      primaryClass   = "hep-ex",
      reportNumber   = "CERN-PH-EP-2015-214",
      SLACcitation   = "%%CITATION = ARXIV:1508.06608;%%"
}

%%% contains utf-8, see: http://inspirehep.net/info/faq/general#utf8
%%% add \usepackage[utf8]{inputenc} to your latex preamble

@article{Aad:2015caa,
      author         = "Aad, Georges and others",
      title          = "{Searches for scalar leptoquarks in pp collisions at
                        $\varvec{\sqrt{s}}$ = 8 TeV with the ATLAS detector}",
      collaboration  = "ATLAS",
      journal        = "Eur. Phys. J.",
      volume         = "C76",
      year           = "2016",
      number         = "1",
      pages          = "5",
      doi            = "10.1140/epjc/s10052-015-3823-9",
      eprint         = "1508.04735",
      archivePrefix  = "arXiv",
      primaryClass   = "hep-ex",
      reportNumber   = "CERN-PH-EP-2015-179",
      SLACcitation   = "%%CITATION = ARXIV:1508.04735;%%"
}

%%% contains utf-8, see: http://inspirehep.net/info/faq/general#utf8
%%% add \usepackage[utf8]{inputenc} to your latex preamble

@article{Aad:2015gha,
      author         = "Aad, Georges and others",
      title          = "{Search for lepton-flavour-violating H → μτ decays of
                        the Higgs boson with the ATLAS detector}",
      collaboration  = "ATLAS",
      journal        = "JHEP",
      volume         = "11",
      year           = "2015",
      pages          = "211",
      doi            = "10.1007/JHEP11(2015)211",
      eprint         = "1508.03372",
      archivePrefix  = "arXiv",
      primaryClass   = "hep-ex",
      reportNumber   = "CERN-PH-EP-2015-184",
      SLACcitation   = "%%CITATION = ARXIV:1508.03372;%%"
}
@article{Aad:2015tna,
      author         = "Aad, Georges and others",
      title          = "{Constraints on non-Standard Model Higgs boson
                        interactions in an effective Lagrangian using differential
                        cross sections measured in the $H \rightarrow
                        \gamma\gamma$ decay channel at $\sqrt{s} = 8$TeV with the
                        ATLAS detector}",
      collaboration  = "ATLAS",
      journal        = "Phys. Lett.",
      volume         = "B753",
      year           = "2016",
      pages          = "69-85",
      doi            = "10.1016/j.physletb.2015.11.071",
      eprint         = "1508.02507",
      archivePrefix  = "arXiv",
      primaryClass   = "hep-ex",
      reportNumber   = "CERN-PH-EP-2015-182",
      SLACcitation   = "%%CITATION = ARXIV:1508.02507;%%"
}
