%@conference{Chen:2013IHEPSeminar,
%      author         = "Chen, Shion",
%      title          = "Testing Bell's inequality in Charm factory",
%      booktitle      = "IHEP seminar",
%      year           = "2013"
%}

%@conference{Chen:2013KEKSeminar,
%      author         = "Chen, Shion",
%      title          = "Testing quantum entanglement in Collider Experiments",
%      booktitle      = "KEK theory seminar",
%      year           = "2013"
%}

%@mastersthesis{Chen:2014mthesis,
%      author         = "Chen, Shion",
%      title          = "{Test of Bell's Inequality and Entanglement Measurement in Collider Experiments}",
%      school         = "The University of Tokyo",
%      year           = "2014"
%}



%@conference{Chen:2015EriceTalk,
%      author         = "Chen, Shion",
%      title          = "Testing quantum mechanics in Collider Experiments",
%      booktitle      = "EMFCSC International School of Sub-neuclear Physics 2015",
%      year           = "2015"
%}



%@conference{Chen:2013caliceMTG_FNALTB,
%      author         = "Chen, Shion. and others",
%      title          = "{Test beam analysis of SiW ECAL physics prototype in 2011 FNAL}",
%      booktitle      = "CALICE Collaboration Meeting, LAPP, Annecy, France.",
%      year           = "2013",
%}


%@conference{Chen:2013caliceMTG_HBUPP,
%      author         = "Chen, Shion. and others",
%      title          = "{Test of Power Pulsing with the HBU-LED System}",
%      booktitle      = "CALICE Collaboration Meeting, LAPP, Annecy, France.",
%      year           = "2013",
%}


%@conference{Chen:2013caliceMTG_ECALoptm,
%      author         = "Chen, Shion. and others",
%      title          = "{Simulation Study on SiW ECAL optimization}",
%      booktitle      = "CALICE Collaboration Meeting, LAPP, Annecy, France.",
%      year           = "2013",
%}
